3075 4750
355 501 417 570 274
744 502 882 558 Prraiatm

357 673 436 734 sicut
467 673 607 734 visitaret
635 671 667 732 in
698 671 831 733 ecclesia
858 671 957 732 sancti
977 667 1060 730 Petri
1089 669 1202 730 altaria
1215 669 1283 740 ‘illa

356 761 490 836 septem,
512 754 565 817 nbi
586 755 675 815 datur
694 754 834 835 plenaria
852 752 1056 839 indulgentia.
1099 751 1183 827 Quid
1206 772 1282 833 ergo

356 839 444 900 statis
467 837 581 899 otiosi?
609 854 717 899 omnes
739 839 850 898 currite
870 835 910 896 ad
932 836 1064 898 salutem
1085 837 1210 896 animae
1232 855 1283 896 ve·

357 927 447 983 strae.
491 919 539 982 Sis
560 927 720 1002 promptus
743 928 775 980 et
788 919 937 981 sollicitus
951 918 1134 980 adsalutem
1146 919 1284 997 animae,

357 1005 435 1064 sicut
456 1001 496 1063 ad
515 1002 599 1065 bona
619 1002 812 1084 temporalia,
835 1022 855 1062 a
876 1002 985 1082 quibus
1006 1019 1070 1062 non
1085 1003 1217 1061 cessatis
1234 998 1285 1061 die

357 1091 530 1166 noctuque„
566 1085 710 1161 Quaerite
732 1085 912 1164 dominum,
945 1083 1017 1144 dum
1043 1099 1142 1165 prope
1170 1090 1221 1145 est
1254 1089 1286 1145 et

358 1167 430 1228 dum
447 1170 577 1230 inveniri
597 1173 710 1250 potest,
729 1174 763 1228 ut
776 1167 914 1228 Joannes
927 1166 1085 1249 admonet,
1098 1169 1286 1247 operamini,

358 1249 433 1312 dum
455 1249 521 1312 dies
545 1258 601 1332 est,
621 1253 706 1312 venit
727 1253 810 1312 enim
830 1271 904 1332 nox,
925 1252 957 1311 in
970 1268 1136 1330 quanemo
1161 1252 1287 1330 operari

356 1335 480 1414 poterit.
530 1333 602 1395 Non
629 1333 741 1397 auditis
765 1351 877 1394 vocem
911 1331 1072 1414 parentum
1108 1339 1287 1394 vestrorum
1382 1350 1383 1407 l

357 1421 388 1476 et
409 1415 538 1477 aliorum
561 1416 793 1495 defunctorum,
822 1415 1021 1477 clamantium
1042 1423 1074 1476 et
1095 1414 1287 1477 dicentium:
1382 1464 1383 1497 3

356 1497 554 1578 Miseremini,
576 1500 764 1560 miseremini
786 1500 847 1559 mei
870 1496 971 1560 saltim
993 1505 1062 1574 eta,
1081 1498 1154 1576 quia
1172 1519 1287 1559 manus
1382 1508 1383 1549 l

357 1579 483 1642 Domini
505 1583 605 1664 tetigit
622 1602 687 1663 me,
711 1583 783 1662 quia
802 1600 907 1641 sumus
927 1584 959 1642 iu
983 1581 1152 1642 durissimis
1172 1583 1287 1662 poenis

358 1671 390 1725 et
411 1666 591 1744 tormentis,
622 1684 641 1724 a
661 1664 772 1744 quibus
794 1666 927 1745 possetis
947 1682 1008 1725 nos
1029 1683 1125 1745 parva
1146 1664 1288 1726 eleemo-
1382 1694 1383 1755 3

358 1762 437 1828 syna
457 1746 611 1808 redimere
632 1755 664 1808 et
684 1767 747 1808 non
769 1749 871 1808 vultis.
914 1747 1069 1830 Aperiatis
1086 1765 1191 1823 aures,
1215 1751 1289 1828 quis

356 1835 445 1910 pater
477 1829 516 1891 ad
542 1829 639 1890 fflium
667 1837 698 1891 et
731 1837 830 1891 mater
857 1829 896 1891 ad
923 1829 1019 1890 tiliam
1046 1836 1104 1891 etc.
1126 1829 1287 1892 dicentes:

357 1909 461 1986 Quare
483 1914 563 1973 sicut
584 1912 660 1973 dens
679 1913 899 1995 persequimini
919 1932 980 1992 me,
1003 1919 1034 1974 et
1049 1911 1193 1974 carnibus
1207 1916 1287 1974 meis

358 1996 554 2075 saturamini3
578 1995 666 2076 quasi
688 1995 836 2057 dicendo:
872 1995 938 2056 Nos
955 1997 1126 2076 genuimus,
1141 1995 1288 2077 aluimus,

357 2075 596 2158 gubernavimus
624 2077 708 2140 bona
734 2085 842 2140 nostra
867 2079 1051 2158 temporalia
1079 2078 1288 2158 relinquendo

358 2163 390 2221 et
414 2161 488 2222 estis
512 2165 576 2221 tam
599 2161 738 2223 crudeles
761 2167 793 2222 et
814 2160 898 2241 duri,
926 2161 1009 2241 quod
1030 2180 1113 2222 nunc
1133 2168 1225 2223 tanta
1246 2162 1289 2223 fa·
1382 2206 1383 2221 t

357 2241 476 2322 ailitate
499 2260 557 2306 nos
579 2243 711 2306 liberare
728 2246 874 2326 possetis,
890 2263 954 2305 non
976 2245 1078 2324 vultis,
1095 2241 1288 2324 permittitis·
1382 2234 1383 2307 i

356 2342 416 2407 que
453 2327 484 2387 in
516 2325 648 2391 flammis
679 2330 798 2408 iacere,
829 2327 960 2410 gloriam
987 2327 1078 2390 nobis
1099 2329 1288 2408 promissam
1382 2334 1383 2398 Ῑ

358 2406 529 2493 tardantes.
573 2410 707 2473 Potestis
728 2412 789 2472 iam
806 2411 922 2472 habere
940 2412 1188 2492 confessionalis,
1212 2432 1289 2492 quo·
1382 2433 1383 2452 ¹

358 2512 427 2553 rum
449 2494 561 2555 virmte
581 2494 613 2554 iu
634 2496 699 2555 vita
721 2498 752 2555 et
772 2497 804 2554 in
825 2494 954 2555 articulo
975 2496 1084 2555 mortis
1113 2499 1145 2555 et
1171 2497 1203 2555 in
1221 2515 1288 2557 non
1382 2495 1383 2498 ’

360 2578 526 2637 reservatis
549 2577 663 2638 totiens
686 2578 829 2657 quotiens
849 2576 966 2640 habere
987 2578 1158 2659 plenariam
1179 2581 1287 2639 remis·
1382 2607 1383 2614 κ

358 2658 479 2719 sionem
502 2677 674 2741 poenarum
703 2678 760 2743 pro
794 2660 931 2740 peccatis
953 2658 1132 2721 debitarum.
1177 2659 1286 2723 Ovos
1382 2655 1383 2718 ἶ

358 2743 465 2821 votivi,
490 2760 508 2803 o
531 2760 588 2803 vos
610 2744 749 2822 usurarii,
773 2762 791 2803 o
812 2749 972 2823 raptores,
1007 2762 1025 2803 o
1048 2742 1242 2824 homicidae,
1265 2762 1285 2805 o

358 2822 523 2885 criminosi.
566 2824 635 2885 Jam
664 2832 786 2906 tempus
816 2830 873 2886 est·
899 2825 1044 2887 audiendi
1072 2826 1131 2887 Dei
1159 2844 1284 2907 vocem,

359 2906 410 2985 qui
432 2926 495 2967 non
516 2906 583 2967 vult
603 2916 733 2969 mortem
755 2909 941 2989 peccatoris,
964 2908 1019 2969 sed
1038 2915 1287 2971 utconvertatur
1382 2923 1383 2928 ’

358 2996 390 3049 et
409 2990 502 3051 vivat.
547 2989 770 3053 convertimini
793 3009 866 3072 ergo
888 2990 1074 3070 Jerusalem,
1097 2990 1283 3073 Jerusalem,

357 3070 396 3131 ad
418 3070 585 3133 Dominum
606 3074 716 3136 Deum
729 3082 824 3135 tuum.
858 3073 959 3135 Ovos
977 3074 1184 3156 oblocutores,
1210 3094 1284 3139 con-

263 3176 269 3185 ’
357 3154 550 3237 tradictores,
574 3163 606 3217 et
624 3158 830 3239 impedientes
852 3156 1028 3219 huiusmodi
1045 3160 1216 3239 negotium,
1240 3159 1285 3219 di-

356 3242 440 3300 recte
467 3237 518 3300 vel
546 3235 711 3321 indirecte,
742 3239 898 3322 quomodo
916 3242 1009 3327 ,satis
1030 3243 1181 3321 pessime,
1205 3244 1283 3304 estis

357 3326 445 3382 extra
475 3325 722 3385 communionem
757 3324 924 3385 ecclesiae:
955 3342 1018 3385 non
1047 3325 1175 3406 missae,
1214 3344 1282 3386 non

358 3423 534 3486 sermones,
563 3424 626 3467 non
648 3426 767 3489 preces,
789 3425 854 3468 non
872 3414 1073 3485 sacramenta,
1095 3426 1158 3469 non
1175 3407 1284 3470 suffia

357 3486 409 3631 gia
435 3506 493 3550 vos
524 3488 693 3555 adiuvent,
729 3490 800 3551 Non
824 3490 899 3571 agri,
919 3506 983 3550 non
1005 3492 1125 3572 vineae,
1148 3507 1213 3553 non
1235 3512 1284 3552 ar-

379 3588 449 3632 ores
485 3590 549 3632 non
577 3574 722 3634 animalia
751 3572 885 3634 reddunt
912 3572 1043 3633 fructum
1069 3593 1174 3654 suum,
1205 3576 1283 3636 vina

357 3659 389 3713 et
403 3654 580 3734 spiritualia
601 3656 686 3718 arida
708 3660 741 3719 et
761 3658 844 3717 sicca
861 3655 946 3734 liunt,
961 3664 995 3717 ut
1013 3656 1156 3737 exempla
1166 3656 1283 3719 adduci

356 3744 495 3821 possunt.
540 3734 647 3799 Nolite
674 3740 804 3801 tardare.
852 3739 1074 3801 convertimini
1101 3740 1141 3801 ad
1174 3760 1225 3801 me
1246 3742 1282 3801 in

355 3822 423 3880 toto
446 3819 540 3881 eorde
560 3828 682 3903 vestm,
711 3830 742 3884 et
769 3823 898 3904 capiatis
925 3822 1127 3904 medicinam,
1155 3823 1194 3883 de
1218 3842 1283 3904 qua

356 3897 491 3981 loquitur
511 3904 676 3985 sapientia:
704 3906 870 3968 altissimus
894 3902 1010 3967 creavit
1028 3894 1215 3968 medicinam
1239 3906 1281 3969 de

355 3990 446 4065 terra,
468 3992 501 4047 et
520 3986 567 4049 vir
585 3988 720 4069 prudens
742 4008 807 4052 non
827 3988 1005 4054 abhorrebit
1025 4008 1103 4053 eam.
