3075 4750
366 482 430 557 iffi
693 490 841 547 swnnae
859 490 970 547 Lntheri
1044 534 1052 567 l

369 684 472 725 sumus
491 663 540 742 ⁸¹),
562 663 616 724 aad
639 682 701 725 nan
723 683 779 743 per
806 682 844 723 aa
864 663 948 723 illam
970 663 1094 725 habere.
1139 660 1192 723 Sic
1213 660 1293 723 Abel

367 750 450 830 prins
473 753 520 807 ast
533 748 559 805 'a
578 746 645 808 Deo
667 754 826 825 respectus
850 766 940 827 quam
964 745 1096 826 offerret,
1120 746 1204 827 prius
1226 745 1296 825 ipsa

368 832 485 912 placuit
506 848 607 909 quam·
620 849 749 890 munera
769 831 852 909 cins3
873 828 949 893 Cain
973 837 1074 891 autern
1096 828 1192 889 odivit
1211 830 1296 908 priua

369 913 559 976 offertorium
589 920 620 973 et
649 932 688 973 ex
717 911 873 974 offertorio
897 914 1037 994 placere,
1073 914 1118 973 aic
1138 911 1297 973 Abraham

369 1003 441 1059 ante
461 997 727 1064 ,circumcisionem
761 1016 817 1077 per
840 995 933 1057 fidem
956 995 1137 1061 notificatus
1165 1002 1230 1075 est,
1267 1001 1300 1057 ct
1378 1034 1379 1049 η

371 1098 480 1141 omnes
503 1078 532 1141 S.
556 1079 748 1160 patriarchae
761 1086 793 1140 et
812 1080 994 1161 prophetae,
1018 1086 1183 1159 antequam
1206 1077 1297 1141 offer·
1378 1102 1379 1137 i

371 1169 449 1241 rent,
472 1163 555 1243 priua
577 1162 731 1223 iustificati
753 1169 785 1222 et
807 1162 989 1223 sanctificati
1012 1168 1091 1222 sunt.
1118 1162 1176 1221 Par
1198 1167 1299 1223 totam

368 1246 470 1327 legam
493 1246 691 1307 vehementer
711 1245 881 1307 inculcatur
903 1246 1040 1326 populo,
1069 1246 1167 1327 magia
1188 1250 1297 1305 autem

268 1380 273 1398 ,
369 1328 589 1407 sacerdotibus,
618 1336 651 1389 ut
671 1328 916 1407 sanctificantur,
949 1336 1114 1408 antequam
1143 1328 1300 1391 accedant

349 1419 402 1484 sat
422 1432 490 1473 cum
512 1412 646 1483 Domino
668 1419 772 1493 agant.
815 1411 910 1492 Igitur
938 1413 1005 1473 sine
1035 1410 1179 1491 operibus
1208 1419 1298 1491 patet

270 1557 275 1566 ,
368 1496 531 1557 manifesta
551 1496 697 1556 iustitiam
721 1501 752 1556 et
773 1496 967 1557 sanctitatem
990 1495 1192 1575 pergratiam
1210 1514 1299 1575 prac-

369 1580 483 1659 raquiri
503 1585 535 1639 at
552 1578 667 1640 haberi.
710 1578 791 1653 Quin
825 1585 856 1639 et
885 1577 1087 1639 ecclesiastici
1116 1597 1199 1642 nunc
1218 1597 1298 1641 aam-

371 1683 427 1743 par
449 1663 481 1724 in
505 1681 559 1723 cre
580 1661 696 1723 habant
715 1660 807 1722 iidem
832 1668 863 1721 et
883 1660 985 1724 bonon
1007 1679 1127 1738 morea3
1159 1666 1192 1721 at
1220 1660 1300 1723 tides

371 1752 418 1809 cst
438 1746 567 1821 institia,
601 1743 675 1804 boni
710 1748 811 1805 mones
835 1750 906 1804 aunt
939 1762 1043 1824 opera.
1092 1743 1187 1804 Sicuti
1222 1764 1299 1827 arga
1378 1816 1379 1831 χ

371 1846 551 1891 maresuan
572 1826 832 1907 praebentfidam‚
856 1826 911 1887 aad
934 1828 1175 1906 praancqnirunt,
1198 1828 1244 1889 ita
1267 1834 1298 1887 at
1378 1834 1379 1915 ᾗ

370 1930 467 1991 opera
497 1912 652 1971 iustitiam.
694 1911 824 1971 Mores
857 1910 953 1971 anim
983 1910 1075 1971 bani
1101 1910 1184 1971 sina
1219 1910 1300 1971 fide

371 1994 470 2054 nihil
503 2000 609 2070 sunt,
644 2000 676 2053 at
701 1992 778 2055 fides
807 1993 899 2054 ctiam
922 1998 1045 2071 practer
1066 1992 1168 2057 bonos
1191 2012 1298 2055 morea

371 2078 465 2137 oritur
492 2077 522 2135 in
550 2075 655 2137 corde.
672 2075 729 2148 ”t
776 2074 836 2139 Sed
865 2076 944 2137 haec
973 2082 1020 2139 ast
1048 2075 1184 2139 dolenda
1207 2078 1297 2139 misa-

369 2161 431 2235 ria,
465 2158 548 2238 quod
570 2178 678 2220 omnes
700 2178 860 2220 sermones
880 2159 911 2222 in
944 2157 1076 2237 ecclesia
1107 2159 1205 2223 ferme
1234 2179 1298 2221 non

370 2243 429 2303 nisi
451 2242 638 2303 demonibus
661 2250 692 2303 at
715 2242 859 2321 operibus
882 2239 1027 2320 doccant,
1049 2242 1088 2301 de
1109 2240 1171 2303 fide
1192 2249 1299 2303 autam

264 2376 271 2385 ,
371 2333 402 2388 ct
424 2326 539 2407 institia
560 2326 613 2386 illa
633 2326 787 2403 intcricri,
821 2346 861 2387 ax
891 2344 952 2404 qua
983 2324 1082 2406 digni,
1116 2326 1192 2403 vari,
1223 2324 1299 2388 boni
1378 2375 1379 2390 n

370 2429 472 2472 mores
494 2410 683 2490 procedunt,
714 2429 820 2489 parum
854 2427 892 2470 ac
913 2427 1010 2488 propa
1037 2407 1113 2470 nihil
1139 2408 1298 2472 docetur:

369 2495 433 2555 imo
462 2499 579 2554 tannim
612 2492 765 2554 extollunt
792 2512 887 2576 opera
908 2499 939 2552 et
961 2509 1077 2570 morea,
1105 2497 1140 2551 ut
1160 2511 1218 2570 per
1238 2492 1301 2556 hcc

371 2575 463 2637 fidam
485 2577 578 2637 etiam
601 2594 725 2655 prorsus
746 2581 934 2656 expugnent.

452 2657 501 2719 An
537 2678 601 2720 non
628 2658 690 2719 hoc
720 2664 767 2718 cst
793 2657 887 2718 fidam
916 2656 1099 2718 exturbare?
1138 2655 1170 2717 Si
1201 2656 1299 2718 homo
1378 2661 1379 2724 i

372 2742 459 2804 tactis
483 2741 627 2821 cpen'bus
650 2747 681 2801 at
702 2742 831 2802 servatis
860 2741 995 2802 monibus
1023 2746 1085 2800 tam
1118 2759 1245 2800 securus
1270 2748 1302 2801 et

372 2823 522 2885 iucundus
549 2823 694 2902 efficitur,
725 2831 871 2903 tanquam
901 2823 1084 2897 satisfacerit
1108 2841 1165 2903 per
1193 2823 1302 2885 omnia
1378 2899 1379 2906 ἵ

374 2907 446 2988 lagi,
467 2905 580 2967 nullius
603 2907 660 2967 sibi
682 2909 803 2986 peccati
825 2907 956 2986 amplius
977 2906 1130 2984 conscius,
1153 2913 1302 2984 quaeest
1378 2911 1379 2972 I

373 2989 517 3069 superbia
549 2990 787 3066 immanissima,
821 2990 892 3069 quia
925 3008 987 3050 non
1015 2988 1145 3050 attendit
1172 2987 1212 3048 ad
1247 3007 1300 3052 oc·
1378 3019 1379 3024 ¹

374 3073 456 3134 culta
477 3092 533 3133 sua
554 3080 586 3132 at
606 3074 727 3134 interna
746 3073 842 3134 mala:
876 3073 920 3132 ita
940 3077 1127 3134 excaecatur
1148 3070 1301 3135 doctrinis

346 3215 359 3226 ,
375 3156 535 3218 hominnm
555 3157 658 3236 potina
680 3175 771 3234 quam
794 3155 991 3217 illuminatur.
1024 3154 1174 3218 Doctnina
1195 3162 1301 3216 autam
1378 3221 1379 3240 χ

376 3238 449 3300 fidei
470 3239 532 3300 hcc
553 3238 655 3337 docet7
678 3238 760 3318 quod
782 3237 877 3306 homo
900 3239 1010 3318 iugiter
1032 3235 1124 3298 debat
1144 3237 1227 3297 intua
1248 3257 1302 3319 ge-
1378 3277 1379 3290 i

376 3341 460 3385 mare
491 3340 548 3402 pro
575 3328 687 3402 gratia,
720 3323 820 3382 sciens
858 3320 940 3400 quod
969 3339 1025 3382 cor
1047 3321 1113 3382 eiua
1135 3339 1196 3384 non
1228 3319 1302 3382 idco
1378 3325 1379 3394 ξ

376 3414 425 3468 cat
447 3404 602 3482 mundum,
624 3406 650 3464 ai
672 3423 768 3485 opera
790 3405 852 3467 sint
873 3403 996 3481 munda,
1018 3422 1077 3464 nec
1096 3401 1169 3464 idac
1192 3403 1303 3466 valun-
1378 3453 1379 3456 ,

363 3498 425 3560 ‚taa
447 3507 534 3566 sana,
557 3489 629 3567 quia
648 3506 750 3548 moras
780 3494 851 3547 aunt
871 3486 954 3549 boni.
996 3485 1059 3546 Ista
1091 3505 1165 3566 argo
1196 3486 1302 3566 displi-

378 3573 481 3635 centia
503 3572 559 3647 sui,
582 3570 688 3632 odium
710 3577 742 3630 at
764 3569 898 3632 taedium
920 3571 1003 3630 vitae
1025 3588 1099 3632 suaa
1121 3588 1184 3630 non
1207 3568 1304 3634 deba

378 3674 512 3734 unquam
546 3672 684 3730 cessare,
728 3652 811 3732 qnod
849 3659 950 3713 tamen
985 3654 1016 3711 in
1056 3651 1136 3730 illis,
1181 3654 1303 3714 etiamsi

381 3737 569 3817 quandoque
598 3736 756 3816 incipitur,
793 3736 894 3796 statim
928 3755 984 3816 per
1007 3754 1133 3814 operum
1155 3735 1302 3798 fiduciam

368 3957 372 3963 ι
434 3926 465 3992 ’)
485 3925 529 3978 Ex
547 3926 684 3978 sarmento
703 3923 862 3976 scholarum
883 3918 952 3970 hacc
967 3923 1123 3986 supersunt.

433 3997 484 4064 ⁴¹)
507 3994 653 4050 Praalndia
675 3996 796 4050 veritatis
821 3989 856 4044 dc
878 3988 931 4043 fide
956 3989 1025 4050 cola·
