3075 4750
301 1311 303 1328 .
420 1246 1060 1353 MartinusLuthsrus
1169 1319 1174 1325 -

587 1422 928 1512 PioLectoriss
1018 1434 1022 1441 ⁴

364 1635 496 1723 Multum
513 1663 625 1742 diuque
640 1659 737 1724 restiti
757 1665 828 1745 illis,
852 1667 902 1745 qui
917 1686 1004 1728 meos
1025 1665 1120 1727 libros
1143 1685 1197 1727 seu

278 1749 379 1816 verius
403 1747 599 1812 confusiones
622 1765 756 1808 mearum
775 1748 1019 1811 lucubrationum
1034 1750 1199 1810 voluerunt

279 1831 388 1909 editas,
410 1837 473 1890 tum
489 1829 570 1908 quod
584 1829 670 1890 nolui
687 1832 881 1909 antiquorum
905 1831 1027 1893 labores
1051 1835 1126 1893 meis
1144 1851 1197 1893 no·

279 1915 423 1976 vitatibus
447 1912 534 1973 obrui
557 1918 588 1972 et
602 1910 749 1973 lectorem
769 1932 789 1972 a
807 1914 946 1994 legendis
967 1916 1028 1976 illis
1045 1909 1197 1996 impediri,

278 2007 342 2058 tum
363 1995 446 2076 quod
475 2015 556 2054 nunc
584 1995 641 2055 Dei
664 1997 762 2076 gratia
789 1994 911 2058 exstent
936 1998 1104 2059 methodici
1131 1998 1199 2057 libri

279 2101 370 2160 quam
383 2079 515 2160 plurimi,
536 2079 616 2138 inter
632 2094 708 2157 quos
719 2078 797 2142 Loci
810 2098 988 2142 communes
1002 2078 1134 2162 Philippi
1147 2099 1197 2140 ex-

279 2165 409 2245 cellunt,
442 2161 549 2240 quibus
573 2161 737 2241 theologus
769 2170 800 2222 et
827 2165 991 2245 episcopus
1021 2164 1147 2244 pulchre
1168 2169 1199 2223 et

279 2245 401 2306 abunde
434 2245 557 2304 formari
586 2251 704 2323 potest,
737 2252 772 2304 ut
793 2247 831 2305 sit
858 2248 1028 2327 potens-in
1057 2265 1198 2308 sermone

279 2330 439 2390 doctrinae
460 2327 593 2407 pietatis,
615 2328 794 2407 praesertim
818 2348 886 2391 cum
910 2323 979 2411 ips'a
993 2347 1081 2393 sacra
1104 2328 1199 2391 biblia

173 2436 176 2447 ’
278 2432 360 2473 nnnc
381 2414 412 2471 in
439 2412 522 2470 omni
543 2428 641 2491 prope
663 2410 768 2490 lingua
789 2412 894 2472 haberi
915 2415 1045 2493 possint,
1071 2413 1130 2471 mei
1147 2430 1198 2471 au-

278 2505 339 2556 tem
364 2494 448 2571 libri,
471 2501 504 2553 ut
524 2490 657 2572 ferebat,
687 2494 748 2554 imo
773 2496 906 2575 cogebat
928 2514 1028 2555 rerum
1050 2494 1198 2575 gerenda·

277 2598 344 2639 rum
366 2578 468 2637 nullus
490 2575 582 2655 ordo,
603 2576 646 2635 ita
668 2577 759 2636 etiam
782 2580 841 2658 ipsi
863 2579 924 2637 sint
946 2576 1100 2657 quoddam
1122 2576 1198 2636 rude

207 2700 209 2713 ι
278 2669 311 2722 et
330 2661 516 2741 indigestum
539 2658 650 2738 chaos,
680 2660 762 2738 quod
790 2680 872 2721 nunc
892 2680 951 2721 nec
972 2661 1045 2720 mihi
1070 2660 1131 2741 ipsi
1160 2660 1199 2719 sit

276 2745 368 2809 facile
390 2744 539 2823 digerere.

363 2826 417 2901 His
437 2824 606 2885 rationibus
623 2821 774 2886 adductus
797 2826 957 2905 cupiebam
982 2823 1199 2887 omnesiibros

279 2929 367 2971 meos
400 2916 550 2989 perpetua
580 2906 737 2968 oblivione
772 2908 927 2989 sepultos,
960 2915 992 2969 ut
1023 2906 1199 2970 melioribus
1222 2921 1237 2945 ’

278 3000 363 3055 esset
383 2992 480 3052 locus.
524 2992 637 3051 Verum
666 2992 846 3071 improbitas
876 2999 912 3051 et
926 2994 1103 3072 importuna
1132 3010 1198 3073 per·

279 3076 394 3137 tinacia
415 3074 558 3152 aliorum,
582 3074 632 3151 qui
654 3074 726 3133 mihi
750 3074 886 3151 quotidie
908 3094 997 3135 aures
1019 3074 1206 3155 implebant,

277 3161 411 3219 flitmum
441 3176 524 3235 esse,
556 3157 580 3216 si
608 3176 666 3236 ego
696 3158 784 3215 vivus
812 3175 874 3218 non
904 3159 1110 3237 permitterem
1140 3157 1199 3237 edi,

278 3251 383 3303 tamen
405 3246 476 3323 post
498 3246 627 3299 mortem
651 3259 749 3299 meam
773 3248 877 3300 essent
899 3242 1068 3301 certissime
1091 3240 1200 3301 edituri
1252 3239 1256 3245 ’
1292 3282 1300 3288 -

277 3326 317 3405 ii,
340 3325 390 3403 qui
413 3341 538 3403 prorsus
566 3322 721 3382 nescirent
741 3340 850 3384 causas
878 3331 909 3383 et
930 3330 1071 3406 tempora
1097 3341 1199 3385 rerum

278 3415 445 3490 gestarum,
469 3406 561 3469 etita
583 3422 622 3465 ex
644 3424 705 3464 una
727 3406 1199 3487 confusionetierentplurimac.

277 3490 363 3551 Vicit
387 3491 545 3567 (inquam)
572 3507 677 3548 eorum
700 3489 898 3569 improbitas,
920 3496 953 3550 ut
976 3490 1026 3551 edi
1044 3492 1199 3571 permitte-

277 3594 354 3634 rem.
397 3572 539 3632 Accessit
560 3570 649 3631 simul
671 3571 815 3632 voluntas
838 3579 869 3632 et
882 3574 1043 3655 imperium
1060 3572 1199 3632 illustris·

278 3658 348 3737 simi
370 3656 519 3735 Principis
537 3656 635 3715 nostri
647 3655 800 3719 lobannis
810 3655 956 3717 ruderici
966 3651 1120 3723 illecto‘ris
1140 3664 1199 3715 etc.

278 3740 333 3821 qui
352 3739 453 3817 iussit,
481 3739 544 3797 imo
568 3738 671 3819 coegit
692 3740 905 3821 typographos
934 3757 996 3801 non
1024 3738 1124 3800 solum
1147 3758 1198 3800 ex·

277 3822 402 3897 cudere,
426 3820 481 3881 sed
503 3828 534 3881 et
556 3826 708 3883 maturare
730 3820 906 3883 editionem.

364 3905 425 3965 Sed
441 3912 522 3969 ,ante
558 3906 661 3968 omnia
689 3924 745 3966 oro
779 3908 861 3985 pium
883 3906 1048 3984 lectorem,
1080 3911 1112 3963 et
1144 3922 1199 3963 oro

276 3997 406 4071 propter
432 3990 532 4069 ipsum
555 3990 719 4049 Dominum
747 3996 885 4049 nostrum
908 3984 1198 4060 Jesum'Ohristum,
