3075 4750
617 533 644 575 a.
663 519 733 576 1517
749 520 848 576 habiti.
1134 517 1196 584 181

275 687 367 769 igitur
387 685 593 750 ursianam
616 688 753 752 asisium
776 669 808 750 et
829 687 1003 769 cupiditatis
1030 688 1202 768 videamus,-

277 778 309 831 ut
330 770 426 832 eorde
448 770 621 833 erudiamur
641 773 673 833 in
695 773 855 852 sapientia.
893 771 1015 834 Certum
1038 779 1094 850 ast,
1116 771 1198 852 quod

275 853 321 914 illi
344 853 565 916 desiderabant
585 855 738 917 Christum
760 855 800 917 ad
822 874 877 916 eos
899 855 1034 936 ingredi,
1062 855 1198 935 alioquin
1316 883 1318 888 ·

275 944 534 1016 murmurassent,
567 937 649 1017 quod
676 939 718 999 ad
737 938 912 998 Zanhaeum
943 939 1099 1019 ingressus
1120 939 1196 1017 fuit,

275 1019 332 1082 sed
363 1039 418 1082 nor
452 1040 559 1081 eorum
591 1021 647 1082 fuit
676 1041 854 1102 perversum
890 1027 921 1082 et
950 1040 1077 1100 vanum,
1116 1023 1198 1102 quod

275 1103 414 1170 Christus
436 1102 527 1181 vidit,
548 1105 607 1185 ipsi
634 1110 736 1166 autem
758 1121 822 1166 non
843 1104 994 1168 viderunt.
1037 1105 1116 1166 Nam
1144 1124 1200 1168 eor

275 1206 382 1247 eorum
406 1186 462 1247 fuit
482 1187 561 1263 tale,
593 1187 676 1267 quod
707 1209 741 1250 se
767 1187 878 1268 dignos
900 1186 1067 1249 eredebant
1088 1187 1198 1250 Christi

274 1269 429 1348 adventu,
461 1289 499 1329 aa
526 1290 582 1350 per
608 1271 670 1332 hoe
691 1271 854 1333 volueruut
874 1289 929 1350 per
951 1270 1063 1332 Christi
1084 1271 1199 1351 ingres-

274 1371 342 1412 sum
374 1371 463 1414 suain
493 1351 672 1433 dignitatern
708 1355 832 1435 probari
868 1360 900 1414 et
934 1353 1143 1416 commendari
1179 1375 1199 1414 a

274 1443 363 1497 tanto
385 1435 548 1516 propheta,
570 1444 604 1498 ut
625 1437 790 1498 diceretur:
819 1436 902 1497 ane
921 1437 1030 1516 quanti
1052 1444 1124 1497 sunt
1145 1438 1199 1516 illi,

275 1518 313 1578 ad
336 1538 416 1598 quos
446 1524 548 1579 tantus
575 1521 763 1600 ingreditur!
798 1518 849 1582 Sin
877 1520 921 1578 sie
954 1538 1052 1580 suam.
1069 1519 1198 1599 gloriam
1299 1530 1300 1534 ’

275 1609 306 1661 et
328 1621 404 1661 suae
427 1602 561 1663 iustitiae
584 1622 730 1683 pompam
751 1605 784 1664 in
804 1601 925 1664 Christo
948 1599 1146 1682 quaerebant
1168 1610 1200 1663 et

274 1703 355 1764 quae
377 1703 435 1744 sua
456 1692 535 1746 sunt.
577 1685 720 1746 Nondum
743 1692 831 1747 erant
861 1686 949 1746 vacui
977 1691 1008 1746 et
1034 1686 1141 1748 inanes
1163 1705 1199 1746 se

274 1768 360 1848 ipsis,
382 1767 515 1847 ideoque
537 1767 689 1830 indefensi
711 1776 798 1848 sunt,
833 1768 914 1847 quod
945 1788 1007 1830 non
1032 1787 1086 1829 eos
1106 1768 1199 1849 glori·

275 1849 381 1911 finamt
402 1870 459 1912 suo
480 1851 630 1932 ingressu,
654 1851 808 1930 dieentes,
836 1851 919 1930 quod
941 1851 981 1912 ad
1002 1858 1198 1932 peecatorem

274 1933 470 2010 divertisset,
501 1936 588 2013 quasi
620 1935 775 1996 dieerent:
810 1934 887 1996 Sunt
919 1934 969 1994 hie
1002 1934 1090 1996 multi
1127 1935 1199 1996 iusti

273 2022 362 2076 tanta
395 2016 496 2098 gloria
527 2017 607 2078 bene
636 2018 736 2100 digni,
771 2025 803 2078 et
834 2025 1029 2098 peecatorem
1057 2018 1198 2098 praefert

274 2099 355 2160 Vide
376 2119 464 2180 ergo,
486 2101 558 2178 quid
579 2100 673 2162 faeiat
692 2101 786 2162 stulta
808 2101 960 2181 superbia,
990 2119 1080 2180 quam
1104 2102 1198 2164 mani·

275 2183 355 2244 festa
376 2181 532 2262 praeferat
558 2192 701 2264 peecata,
731 2185 851 2244 scilieet
882 2183 995 2244 iudicia
1027 2185 1198 2262 temeraria,

275 2265 495 2343 detractiones,
517 2266 648 2328 invidias
671 2275 702 2328 et
722 2268 793 2330 iras.
836 2265 902 2344 sia,
935 2267 980 2328 sia
1002 2266 1138 2327 Christus
1167 2267 1198 2328 in

276 2350 399 2430 signum
422 2351 674 2413 contradictionis
705 2352 843 2432 ponitur,
879 2357 912 2411 ut
938 2349 1112 2411 revelentur
1133 2369 1198 2411 aor-

278 2433 361 2493 dium
385 2433 600 2512 cogitationes.
644 2434 720 2510 Quis
742 2436 823 2495 enim
847 2434 954 2507 nosset
975 2452 1030 2495 eos
1054 2433 1128 2495 talia
1148 2452 1197 2493 oo-

276 2516 385 2596 gitare,
408 2516 466 2575 nisi
489 2516 626 2578 Christus
648 2518 841 2579 revelasset?
873 2516 939 2577 Nea
959 2517 1124 2596 ipsummet
1145 2535 1199 2578 nor
1233 2528 1240 2541 ·

275 2599 364 2659 novit
392 2617 426 2657 se
454 2599 529 2659 talia
554 2602 700 2681 cogitare,
722 2600 823 2661 donee
844 2599 1087 2661 nontradietione
1108 2599 1198 2661 huius

276 2682 356 2761 signi
376 2681 539 2743 reveletur.
582 2683 719 2744 Christus
742 2690 929 2745 autemnon
962 2683 1061 2760 venit,
1092 2689 1126 2743 ut
1154 2688 1196 2745 te·

276 2765 454 2830 stimonium
475 2766 635 2844 perhibeat
656 2767 798 2845 vanitati,
827 2774 859 2826 ut
885 2765 1038 2846 approbet
1062 2774 1094 2826 et
1113 2766 1197 2827 iusti·

275 2846 348 2907 lieet
378 2853 409 2906 et
436 2845 588 2927 glorificet
613 2850 744 2911 iustitias
777 2858 809 2909 et
838 2848 1007 2929 probitates
1030 2848 1197 2927 hominum,

276 2931 331 2990 sed
366 2937 401 2989 ut
435 2928 587 3009 glorificet
613 2932 736 2993 Patrem
769 2952 874 2994 suum:
913 2950 977 2992 non
1005 2930 1043 2993 ad
1066 2932 1197 3013 gloriam

275 3014 412 3073 iustitiae
432 3019 575 3091 nostrae,
605 3014 660 3075 sed
682 3014 721 3075 ad
751 3016 882 3096 gloriam
912 3014 1139 3077 misericordiae
1168 3021 1223 3076 at‘

276 3096 396 3176 gratiae
424 3114 516 3175 suae,
547 3105 581 3157 ut
608 3098 769 3179 apostolus
800 3099 853 3167 ait,
892 3097 968 3159 ldeo
1004 3116 1065 3159 non
1095 3104 1200 3178 potest

276 3179 382 3239 venire
411 3178 451 3238 ad
479 3198 550 3254 eos,
583 3182 634 3260 qui
663 3200 733 3241 sese
760 3181 871 3262 dignos
903 3189 934 3241 et
960 3182 1058 3241 iustos
1080 3188 1198 3261 putant,

277 3261 332 3322 sed
355 3262 570 3323 tantummodo
593 3263 631 3323 ad
654 3266 783 3326 miseros
806 3272 837 3324 et
863 3263 1090 3325 miseridordiae
1117 3265 1198 3344 aupi·
1244 3304 1249 3317 2

278 3344 336 3407 dos
359 3351 392 3404 et
412 3346 512 3425 gratia
532 3346 686 3427 indignos.
729 3347 781 3409 Sia
802 3354 902 3427 patet,
931 3346 1087 3426 quomodo
1110 3346 1199 3407 simul

277 3429 441 3507 cupierunt
461 3432 493 3489 et
513 3448 574 3491 nen
598 3431 758 3510 cupierunt
781 3430 950 3509 Christum,
988 3430 1059 3509 quia
1088 3448 1198 3489 anneu-

275 3512 398 3591 pisaere
427 3511 487 3571 isto
514 3510 623 3592 modo,
656 3513 775 3574 soilieet
803 3515 1033 3593 perseipsum
1055 3510 1200 3573 etfinem

275 3594 397 3674 gloriae
419 3611 503 3672 suae,
526 3602 572 3655 est
592 3597 695 3676 potius
717 3616 781 3659 non
804 3596 1032 3677 concupiscere.

360 3675 520 3739 Zaohaeus
548 3686 652 3741 autem
679 3697 744 3743 non
778 3679 922 3760 cupiebat
948 3677 1059 3738 Christi
1088 3674 1200 3737 adven·

277 3764 352 3836 tum,
375 3765 531 3821 ettamen
554 3762 711 3842 cupiebat:
743 3762 826 3841 quod
856 3781 918 3823 non
941 3758 1084 3841 cupiebat
1103 3766 1198 3839 patet,

278 3844 351 3921 quia
373 3842 515 3904 aseendit
542 3850 659 3905 tantum
687 3853 721 3905 ut
746 3845 866 3905 videret
887 3842 1101 3919 transitumm,
1137 3860 1199 3903 non

276 3932 382 3985 autem
395 3927 635 4070 praesumebat,
668 3946 728 3989 nee
754 3927 888 3989 audebat
915 3945 1028 4007 nupera
1048 3927 1200 4007 ingressu-

275 4028 355 4071 rum.
421 4014 485 4073 atet
514 4012 599 4073 anim
624 4011 805 4092 mantuus,
832 4009 914 4091 quod
935 4028 999 4073 non
1018 4029 1054 4074 so
1075 4008 1201 4093 dignum
