3075 4750
599 506 634 561 de
651 508 841 578 indulgentiis.
1116 498 1177 576 261

256 693 366 734 manus
397 674 562 735 adiutrices
593 671 774 755 porrexerit
825 676 923 752 Quam
957 676 1113 737 licentiam
1148 682 1179 739 et

256 757 434 817 facultatem
452 757 564 818 Obristi
579 758 720 819 fidelibus
737 760 930 839 impertiendi
946 760 1034 820 nobis
1050 767 1081 819 et
1102 781 1176 820 nun·

257 841 310 899 ciis
324 842 439 900 nostris
452 860 472 899 a
482 843 674 902 sanctissimo
688 841 814 901 domino
827 842 933 902 nostro
941 842 1045 924 Papae
1056 843 1138 903 lulio
1150 842 1176 903 lI

256 940 441 982 concessum
463 933 526 1000 est,
560 932 593 983 ut
622 931 709 1004 patet
735 943 791 1004 per·
812 924 914 984 literas
938 925 1124 1004 apostolicas
1146 926 1177 985 in

254 1006 354 1065 forma
376 1005 481 1065 Brevis
510 1006 597 1066 datas
618 1008 754 1081 Romae,
789 1006 844 1066 sub
867 1008 981 1066 annulo
1003 1006 1178 1085 Piscatoris,

254 1088 319 1149 ΧΠ.
335 1088 424 1149 Febr.
435 1087 665 1166 mcccccvss,
689 1088 888 1149 Pontificatus
903 1092 947 1148 sui
965 1108 1047 1151 anno
1062 1092 1176 1168 quinto.

254 1170 287 1231 In
315 1190 446 1250 quorum
478 1172 763 1233 corroborationem
793 1179 824 1230 et
853 1174 1060 1232 testimonium
1087 1190 1176 1253 prae·

254 1260 359 1314 sentes
382 1252 446 1313 fieri
467 1255 606 1315 fecimus.
650 1256 760 1314 Datum
785 1255 815 1313 in
844 1254 1007 1335 Elwingo,
1028 1256 1178 1335 vigesima

254 1343 346 1397 sexta
360 1336 411 1397 die
423 1339 537 1400 mensis
550 1338 742 1415 Novembris,
764 1356 846 1397 anno
870 1337 994 1396 Domini
1016 1335 1178 1398 MGOCCG

253 1418 498 1480 tertiodecimo.
760 1435 764 1443 ‘

384 1502 433 1579 (L.
468 1499 527 1581 SA*
685 1502 924 1582 EgoFrater
946 1502 1135 1583 Baptista.

667 1586 718 1664 qui
747 1602 840 1665 supra
868 1604 952 1665 mpp.
982 1584 1156 1665 subscripsi.

336 1750 401 1810 Leo
425 1750 458 1809 P.
480 1750 507 1809 X
529 1749 585 1809 has
607 1749 815 1830 indulgentias
837 1750 867 1808 in
890 1749 1037 1810 basilicae
1055 1748 1177 1809 Vatica-

251 1852 311 1894 nae
335 1832 535 1893 commodum
558 1832 660 1892 denuo
684 1833 781 1893 edidit
802 1851 839 1891 aa
860 1832 1076 1913 promulgavit,
1100 1833 1176 1892 eius-

251 1936 311 1996 que
334 1914 393 1975 sub
416 1916 542 1975 nomine
565 1915 775 1995 indulgentiae
795 1915 891 1975 multo
906 1916 1071 1976 studiosius
1086 1932 1176 1993 quam

251 2007 346 2058 autea
379 1999 519 2077 inprimis
547 1999 577 2057 in
590 2005 593 2012 '
607 1998 799 2059 Germanicis
834 2000 922 2057 terris
956 1997 1176 2061 vendebantur.

251 2083 344 2142 Anno
378 2083 458 2144 1514
494 2080 524 2142 d.
555 2084 583 2143 2.
613 2082 754 2151 m.·‚Dec.
783 2100 802 2140 a
829 2080 934 2142 Leone
956 2080 987 2141 X
1007 2082 1122 2161 primus
1144 2080 1176 2140 in

251 2165 432 2245 provincias
459 2163 640 2241 Rhenanas,
669 2164 821 2243 Belgicae,
855 2163 1065 2245 Burgundicas
1087 2162 1177 2224 Com-

252 2247 387 2307 missarii
413 2247 547 2326 primarii
577 2246 649 2306 loco
679 2246 718 2306 ad
741 2245 949 2325 indulgentias
982 2246 1177 2325 plenissimas

252 2328 514 2392 cirmmferendas
542 2327 701 2410 delegatus
725 2335 773 2389 est
801 2328 938 2390 ioannes
961 2328 1100 2409 Angelus
1122 2326 1177 2387 Ar-

252 2413 443 2491 cimboldus,
477 2413 727 2472 Mediolanensis.
786 2411 898 2472 Postea
932 2412 1009 2471 haec
1036 2415 1176 2490 potestas

252 2500 278 2557 ei
303 2504 353 2557 est
377 2495 480 2555 denuo
506 2495 578 2555 data
599 2502 631 2554 et
651 2495 689 2555 ad
706 2496 859 2571 Austriae,
883 2495 1042 2571 Bavariae,
1064 2491 1174 2553 Guest-

251 2580 359 2657 taliae,
383 2578 559 2654 Holsatiae‚
582 2577 711 2638 sueciae
733 2578 922 2658 provincias,
949 2575 1114 2657 praecipua
1136 2573 1174 2635 ad

252 2664 398 2722 civitates
433 2679 480 2720 ac·
495 2661 655 2720 dioeceses
686 2661 902 2721 (laminensem
931 2667 961 2718 et
989 2657 1175 2718 Misnensem

251 2746 377 2825 prolata
409 2748 502 2821 atque
531 2742 670 2803 adaucta.
719 2742 754 2802 ln
783 2743 831 2802 his
854 2748 957 2803 autem
980 2739 1175 2802 dioecesibus

252 2829 375 2888 circiter
403 2825 476 2884 iude
503 2825 541 2886 ab
573 2843 656 2885 anno
691 2827 771 2888 1516
805 2823 1071 2885 Subcommissarii
1105 2821 1176 2883 loco

218 2969 222 2974 ,
251 2912 399 2970 eximiam
422 2907 492 2968 huic
511 2909 638 2988 negotio
651 2908 776 2968 navavit
788 2925 914 2987 operam
928 2906 977 2966 Jo.
1012 2905 1177 2984 Tetzelius,

251 2993 282 3053 id
311 2991 397 3071 quod
423 3007 549 3050 cernere
569 2989 643 3051 licet
664 3009 703 3050 ex
730 2991 804 3068 hac,
835 3008 925 3069 quam
955 2986 982 3050 d.
1007 2990 1056 3052 24.
1079 3007 1177 3049 mens.
1258 2989 1259 2994 ’
1314 2971 1323 2985 “

251 3076 367 3156 Aprilis
391 3093 420 3133 a.
446 3076 523 3137 1516
540 3071 666 3134 Woraio
691 3073 729 3134 ad
754 3071 911 3133 Andream
933 3070 1176 3152 Hummelshayn

252 3159 355 3236 dedit,
387 3155 520 3236 epistola
541 3157 594 3226 (ci.
626 3155 792 3216 Loescheri
814 3155 950 3215 Reform.
973 3154 1043 3213 Act.
1066 3153 1093 3230 Ι,
1116 3155 1176 3218 376
1231 3186 1234 3197 =

252 3261 265 3301 s
309 3256 320 3302 .'
348 3262 355 3300 :

266 3261 305 3351 qq
322 3246 498 3382 ).lohannes
520 3319 657 3400 Angelus
680 3318 896 3380 Arcimboldus
924 3319 996 3378 iuris
1019 3319 1177 3396 utriusque

253 3407 379 3481 doctor,
402 3397 598 3484 Praepositus
630 3401 669 3462 de
697 3402 854 3479 Arcisate,
888 3401 1119 3461 Protonota'rius
1147 3406 1178 3458 et

253 3486 492 3551 Referendarius
509 3485 710 3566 apostolicus,
732 3501 870 3545 necnon
889 3483 928 3543 ad
948 3483 1177 3560 Coloniensem,

253 3574 488 3643 Treverensem
510 3567 796 3648 Saltaburgensem,
820 3567 1084 3641 Bisuntinensem,
1108 3565 1178 3624 Bre-

254 3674 411 3728 mensem‚
434 3671 471 3710 ac
492 3651 694 3730 Upsalensem
716 3651 907 3730 provincias,
938 3648 1119 3726 illarumque
1141 3665 1179 3706 ac

256 3739 531 3812 cameracensem,
553 3734 800 3809 Tornaceusem,
823 3731 1045 3807 Morinensem,
1077 3728 1177 3788 Attre-

257 3821 432 3897 batensem,
465 3815 683 3881 Osminensem
706 3823 738 3876 et
757 3817 942 3876 Misnensem
979 3813 1118 3872 civitates
1148 3817 1179 3872 et

257 3904 451 3981 dioeceseas
468 3919 561 3980 super
594 3901 777 3960 executione
805 3895 1052 3977 plenissimarum
1082 3893 1178 3954 indul-

258 3989 429 4068 gentiarum
466 3985 635 4045 immensae
668 3980 815 4042 Fabricae
848 3978 999 4039 Basilicas
1030 3977 1178 4058 principis
