3075 4750
642 826 787 923 Sermo

284 1024 334 1085 die
355 1024 607 1089 circumcisionis
639 1046 665 1087 a.
697 1029 775 1089 1517
800 1024 844 1111 de⁸
860 1024 1091 1084 circumcisione
1114 1024 1144 1084 et

579 1110 693 1170 institia
713 1108 796 1199 fidei.
810 1108 845 1183 ³)

336 1261 550 1323 Consummati
572 1269 643 1323 sunt
664 1262 730 1323 dies
752 1268 824 1321 octo
848 1267 880 1320 ut
910 1260 1176 1322 circumcideretur

252 1362 339 1424 puer.
384 1344 562 1420 Quaeritur,
592 1364 647 1406 our
667 1346 805 1407 Christus
827 1344 958 1405 voluerit
989 1343 1173 1420 circumcidi,

253 1446 321 1487 cum
347 1446 410 1488 non
432 1429 523 1489 merit
544 1428 620 1507 legis
648 1428 784 1506 debitor,
822 1429 884 1490 imo
908 1426 1074 1487 secundum
1103 1446 1176 1507 apo-

253 1511 369 1571 stolum
385 1510 441 1571 tuit
453 1511 515 1592 legi
538 1519 684 1589 mortuus,
706 1513 813 1571 vivens
835 1512 913 1572 Dec.
945 1509 977 1571 Si
998 1516 1100 1569 autem
1121 1510 1177 1570 luit

254 1594 316 1674 legi
338 1601 493 1673 mortuus,
521 1613 575 1654 our
600 1595 743 1674 prohibet
764 1592 890 1655 Galatas
918 1594 1020 1674 legem
1041 1610 1174 1669 servare,

254 1677 306 1755 qui
338 1677 437 1738 multo
464 1679 564 1737 minus
592 1679 713 1738 luerunt
746 1678 857 1737 mortui
880 1677 951 1757 legi,
980 1694 1070 1755 quarn
1093 1675 1175 1736 chri-

254 1759 343 1820 stus?
376 1759 485 1839 Neque
507 1762 587 1820 enim
610 1761 758 1821 satisfacit
790 1760 903 1820 solutio
932 1760 965 1820 B.
988 1759 1178 1839 Hieronymi,

254 1842 340 1921 qnod
370 1843 422 1902 lex
457 1850 529 1904 anta
560 1846 735 1923 passionem
774 1843 948 1903 necessario
990 1842 1178 1918 servabatur,

254 1933 328 2005 post
349 1926 528 2005 passionem
549 1945 624 1987 vero
644 1946 708 1988 non
720 1922 845 1987 licebat
865 1944 933 1985 eam
952 1945 1084 2003 servare,
1107 1926 1179 2004 quia

256 2026 314 2069 nec
336 2015 411 2068 ante
432 2026 491 2069 neo
512 2017 583 2089 post
603 2010 659 2070 tuit.
679 2008 803 2073 Christo
828 2010 1010 2070 necessaria.
1040 2009 1177 2088 Respon-

256 2091 366 2167 detur,
404 2091 487 2171 quod
519 2093 600 2153 iusto
633 2112 759 2172 prorsus
793 2092 877 2151 nulla
905 2093 956 2152 lex
989 2099 1036 2152 est
1067 2093 1177 2172 positu,

258 2174 378 2237 t-Tim
400 2174 423 2235 Ι.
446 2182 478 2235 et
497 2174 566 2235 Gal.
588 2180 622 2240 5:
651 2194 752 2255 neque
775 2175 813 2236 ad
836 2175 959 2253 aliquod
990 2194 1067 2254 opus
1098 2183 1179 2235 tene-

253 2265 313 2327 tur,
338 2257 424 2335 quod
446 2259 491 2318 sio
512 2258 744 2339 intelligendum
767 2267 823 2336 est,
847 2264 880 2317 ut
900 2278 994 2339 saepe
1014 2257 1086 2334 dixi,
1110 2259 1181 2336 quia

210 2403 214 2406 .
258 2360 351 2402 nemo
374 2360 416 2401 ex
439 2340 582 2421 operibus
603 2341 791 2419 iustificetur,
815 2360 872 2402 nec
893 2341 963 2402 ideo
981 2339 1057 2400 fiunt
1076 2358 1179 2420 opera,

258 2432 290 2485 ut
310 2425 383 2504 quis
401 2423 593 2503 iustificetur,
616 2445 685 2486 curn
707 2427 768 2486 hoc
785 2427 824 2486 sit
845 2423 1048 2506 impossibile:
1080 2425 1179 2504 gratia

259 2508 342 2566 enim
365 2506 434 2569 solu
451 2507 595 2568 iustificat
612 2529 674 2569 non
698 2527 802 2589 opera,
825 2508 898 2568 licet
918 2527 974 2587 per
995 2525 1090 2588 opera
1112 2525 1178 2587 gra·

257 2591 299 2650 tia
321 2597 488 2670 quaeratur
509 2597 540 2651 et
562 2593 666 2671 quaeri
698 2591 819 2653 debeat.
867 2591 937 2652 Non
966 2597 1069 2650 autem
1105 2590 1179 2669 ipsis

258 2673 406 2752 operibus
437 2671 525 2733 factis
545 2675 606 2734 iam
628 2676 743 2736 institia
764 2683 812 2735 est
834 2673 1073 2754 praesumenda:
1107 2692 1178 2733 nam

258 2757 337 2816 sicut
357 2757 419 2815 iata
440 2756 632 2818 circumcisio
654 2758 778 2819 Christo
809 2756 883 2818 nihil
906 2757 1008 2817 attulit
1029 2757 1173 2833 iustitiae,
1271 2819 1274 2832 ι

258 2838 312 2899 aad
333 2858 392 2918 per
413 2857 481 2898 eam
503 2840 571 2900 Deo
594 2848 625 2900 et
646 2840 735 2901 nobis
758 2841 896 2901 servivit:
926 2841 970 2899 ita
999 2839 1082 2899 nulla
1104 2857 1176 2919 ope·

258 2923 337 2981 ratio
365 2921 485 2982 confert
511 2923 594 2982 iusto
616 2923 731 3003 aliquid
758 2924 908 3001 iustitiae,
939 2923 993 2982 sed
1022 2923 1089 2983 Deo
1122 2941 1178 3002 per

259 3023 327 3064 eam
351 3011 383 3064 et
409 3004 583 3067 hominibus
612 3007 749 3066 servitur.
794 3005 882 3081 Quod
906 3006 1068 3086 probatur,
1099 3007 1180 3084 quia,

258 3087 318 3148 nisi
341 3094 436 3148 antea
455 3088 552 3148 iustus
574 3095 606 3149 et
627 3089 757 3149 mundus
788 3096 885 3166 esset,
908 3088 1049 3168 quicquid
1075 3108 1181 3169 opera-

257 3175 351 3252 retur,
372 3169 449 3230 nihil
472 3169 657 3251 operaretur.
689 3171 763 3233 ldeo
777 3173 858 3232 enim
880 3172 1025 3233 docemur
1046 3171 1177 3232 sanctiti-

258 3254 321 3314 ατί
353 3254 436 3332 prius
464 3263 497 3313 et
522 3256 639 3334 parari,
674 3263 705 3316 et
726 3256 909 3316 contritione
932 3273 968 3315 ae
990 3256 1179 3334 poenitentia

257 3337 393 3416 purgari,
415 3342 488 3396 ante
515 3355 607 3398 omne
629 3357 707 3417 opus
729 3338 861 3414 bonum,
891 3345 925 3399 ut
946 3341 1028 3418 priua
1050 3340 1119 3398 iusti
1142 3339 1179 3397 ai·

259 3438 344 3497 mus,
380 3437 470 3497 quarn
499 3438 670 3500 operemur.
713 3422 776 3481 lata
816 3427 918 3482 autem
955 3422 1095 3501 purgatio
1134 3425 1182 3480 eat

257 3521 338 3582 opus
361 3501 420 3561 Dei
441 3509 474 3563 et
493 3503 611 3582 gratiae
631 3505 758 3581 inlusio,
790 3505 855 3564 sine
884 3503 973 3565 nobis
996 3502 1180 3564 laetificatio.

259 3583 308 3644 lad
331 3585 461 3664 gratiam
482 3603 541 3646 nos
562 3604 618 3665 per
639 3605 736 3665 opera
756 3587 879 3666 quidem
905 3603 1088 3666 praeparare
1109 3603 1179 3664 pos-

314 3771 346 3840 ·)
370 3772 590 3842 „Argumentum
607 3773 668 3827 Kal
688 3775 801 3830 Januar.
822 3777 885 3826 anni
904 3773 938 3825 ad
953 3769 1179 3827 reformationem

257 3844 446 3897 inchoandam
473 3845 603 3897 divinitus
625 3845 753 3899 destinati
779 3846 851 3913 felici
875 3848 966 3899 omine
990 3845 1183 3912 propositum“

258 3917 352 3983 inquit
366 3915 502 3970 Loeecher
522 3919 551 3968 in
568 3923 644 3982 nota,
665 3934 747 3986 quam
767 3919 812 3971 hic
829 3917 978 3986 adspergit.
1009 3913 1106 3969 Sermo
1123 3917 1184 3984 ipse

258 3987 362 4056 legitur
382 3986 453 4056 apud
473 3988 617 4043 Lneacber.
635 3991 656 4056 1,
681 3991 733 4046 775
751 4005 812 4058 sqq.
832 3989 937 4042 Walch.
952 3988 987 4056 X,
1004 3987 1071 4044 1534
1092 4003 1151 4058 sqq.
