3075 4750
566 487 680 546 talaia«
692 483 764 544 inm
779 483 900 546 untur.
1071 571 1079 586 ,
1147 477 1188 549 41

268 655 663 737 studiosatagamus'
678 656 927 738 evangelium
947 654 1191 718 conmenda-

266 741 467 802 tissimum
489 739 643 817 habere,
665 747 817 808 nocturna
827 747 986 802 versantes
1001 757 1103 815 manu,
1125 757 1192 800 ver·

266 831 439 902 sentesque
460 822 584 884 diurna:
607 843 668 902 quo
688 823 866 902 efficiemus,
889 830 923 884 ut
937 842 978 884 ex
994 822 1063 882 Deo
1085 837 1192 882 nascar

266 925 343 985 mur,
362 926 405 970 ex
416 907 486 968 Deo
510 907 573 968 nati
594 926 657 970 nou
671 925 847 986 peccemus,
867 925 930 968 non
944 911 1110 985 peccantes
1129 905 1193 964 vic·

266 991 347 1052 toria
369 989 610 1052 laetificamur.
654 989 866 1065 Quodnotis
888 989 1062 1052 concedere
1087 987 1193 1068 digne

265 1081 315 1134 tur
345 1073 435 1134 lesus
459 1072 612 1150 Christus,
642 1073 722 1134 lilius
748 1073 807 1136 Dei
840 1080 948 1138 auctor
979 1079 1012 1134 et
1044 1071 1131 1132 verbi
1160 1077 1194 1132 et

265 1155 343 1220 nnat
360 1155 527 1235 victoriae,
549 1155 728 1220 benedictis
750 1158 782 1218 in
803 1157 975 1220 aeternum!
1019 1155 1130 1218 Autan.

556 1319 700 1414 Sarno
730 1316 913 1414 liutheri

484 1471 515 1535 u
537 1469 640 1535 nanu
662 1471 775 1536 cumn
794 1471 834 1534 a·
854 1461 991 1550 'mian

352 1589 389 1649 ln
410 1589 564 1670 principio
578 1567 655 1650 ‘crat
675 1589 803 1652 verbum
823 1589 894 1651 lon.
919 1593 946 1652 1.
965 1590 1041 1651 Cum
1075 1588 1196 1668 legatur
1304 1642 1310 1659 ,

268 1672 471 1754 evangelium
494 1673 526 1734 in
554 1674 615 1733 isto
636 1673 732 1747 festo,
766 1673 926 1754 indignum
953 1674 1083 1735 'videtur
1117 1671 1195 1732 nihil

268 1755 308 1815 de
331 1757 406 1835 ipso
435 1755 529 1836 loqui.
573 1755 659 1816 Licet
680 1757 760 1817 enim
789 1757 830 1816 sit
848 1756 975 1819 arduum
1006 1764 1037 1819 et
1058 1753 1194 1833 difficile,

267 1839 421 1898 iaciamus
444 1843 547 1900 temen
565 1846 717 1918 'quantum
739 1851 919 1920 possumus3
953 1849 988 1901 ut
1018 1838 1133 1920 aliquid
1155 1838 1195 1898 da

269 1921 325 1982 illo
349 1922 570 2004 percipiamus.
613 1921 718 1996 Quare
744 1923 904 1983 literalitcr
930 1927 1030 2006 ipsum
1052 1922 1195 2004 principi-

268 2023 320 2064 um
351 2003 523 2066 videamus.
566 2005 608 2065 At
628 2005 874 2086 praenotandum
896 2015 944 2068 est
976 2014 1049 2068 ante
1082 2005 1196 2084 omnia,

271 2088 360 2166 quod
385 2086 546 2151 lohannes
579 2089 610 2148 in
631 2087 693 2148 hoc
720 2089 794 2150 loco
837 2109 870 2149 er
890 2090 1017 2151 verbum
1045 2087 1198 2167 intelligat

275 2169 375 2230 fllium
399 2169 466 2230 Dei.
510 2169 601 2246 Quod
625 2177 727 2232 autem
742 2172 806 2233 hoc
848 2174 908 2233 ciat
928 2180 960 2234 et
979 2192 1074 2253 quara
1095 2171 1199 2247 faciat,

270 2261 388 2334 postea
408 2251 590 2316 videbimus.
633 2253 728 2335 Igitur
759 2255 841 2316 idem
864 2257 917 2334 sit,
954 2258 979 2316 si
1008 2255 1198 2316 audierimus

270 2337 403 2399 verbum
426 2353 464 2397 ac
491 2337 516 2397 si
545 2335 640 2398 filium
664 2337 724 2399 Dei
747 2357 803 2399 seu
823 2337 994 2419 Christum,
1028 2335 1197 2399 secundum
1318 2404 1322 2409 ⁴

271 2440 365 2501 quem
391 2420 475 2480 Deua
497 2418 676 2484 audiendus.
720 2422 789 2483 Hoc
810 2423 855 2481 sic
867 2425 970 2501 posito
982 2423 1084 2503 pergit
1105 2438 1207 2480 avan-J

272 2504 389 2585 gelista
419 2502 584 2565 ostendere
617 2504 830 2565 aeternitatem
852 2505 1143 2582 distinctionemque
1178 2520 1198 2560 a

271 2586 367 2647 Patre
389 2593 422 2646 et
434 2585 627 2648 identitatem
641 2606 710 2647 cum
722 2594 812 2669 patre
829 2586 902 2666 mn,
925 2588 1046 2648 dioenst
1069 2585 1103 2646 In
1115 2584 1196 2665 prin·

273 2672 357 2750 cipio
382 2676 448 2729 erat
468 2670 612 2748 verbnm,
634 2668 778 2751 honest,
799 2671 860 2731 iam
878 2678 944 2731 erat
965 2672 1033 2750 ipse
1048 2668 1197 2746 Christus,

160 2744 166 2761 '
273 2752 402 2833 quaudo
425 2752 614 2833 incipiebant
635 2755 755 2832 omnia,
788 2772 851 2814 non
876 2761 950 2814 tunc
969 2754 1083 2833 coepit.
1125 2750 1196 2811 Non

271 2837 342 2915 ipse
363 2836 546 2915 principium
569 2842 643 2896 tuno
664 2837 802 2917 accepit,
825 2837 880 2897 sed
904 2844 970 2899 crat
992 2838 1023 2895 in
1046 2834 1196 2916 principio

273 2918 358 2979 Ante
389 2920 470 2977 anim
500 2916 616 2996 fuerat,
645 2937 735 2998 quam
761 2919 947 3000 principium
973 2935 1075 2979 rerum
1104 2923 1197 2995 esset,

273 3002 392 3081 quippe
414 3007 566 3063 aeternus.
609 3002 651 3061 m
670 3003 747 3063 mira
768 3010 825 3063 eat.
837 3003 915 3063 haec
931 3000 1122 3063 aeternitatis
1145 3020 1195 3059 ex-

273 3084 415 3165 pressio:
438 3091 470 3143 et
488 3100 550 3144 non
574 3083 698 3145 dubium
722 3092 785 3163 ast,
807 3087 880 3165 quin
901 3086 953 3145 hic
984 3085 1024 3145 de
1044 3084 1195 3165 principio

273 3168 414 3227 omnium
437 3167 587 3246 loquatur.
630 3166 670 3229 Et
692 3174 795 3229 tamen
817 3188 878 3230 non
902 3168 959 3249 ait,
988 3175 1060 3229 ante
1087 3166 1197 3249 princi·

273 3252 359 3331 pium
382 3257 464 3329 crat,
487 3250 593 3310 sedin
615 3251 777 3331 principio.

358 3332 400 3392 ln
426 3338 501 3392 ante
520 3334 710 3413 ⁴principium
746 3351 808 3394 non
845 3334 948 3394 dicere
979 3340 1087 3415 potes,
1116 3350 1196 3408 esse,

273 3415 386 3493 luisse,
408 3414 492 3493 imag
513 3415 673 3479 namhaec
688 3416 934 3477 omniarelatire
948 3416 1105 3495 dicuntur,
1128 3432 1197 3473 cum

272 3499 472 3578 praeteritum
495 3498 534 3559 ad
556 3498 835 3564 luturumdicatur:
857 3500 1061 3562 eratvelluit.
1105 3494 1197 3560 Unde
1265 3522 1268 3530 ’

274 3600 337 3641 non
361 3580 436 3641 dicit
457 3580 583 3642 verbnm
606 3580 716 3660 fuisse,
749 3582 854 3643 donec
874 3580 969 3643 addat
989 3581 1081 3659 illud,
1110 3578 1196 3637 cuius
1220 3646 1224 3651 .

583 3690 694 3699 Ἣ

272 3690 363 3795 ψ’)
384 3728 436 3781 Hic
453 3693 957 3797 sermo-anuo15t5Wittembcrgco
969 3727 1081 3780 habitus
1100 3727 1143 3776 est
1161 3721 1197 3776 dc

273 3798 337 3853 Joh.
354 3803 376 3862 t,
393 3801 409 3862 Ι1
433 3816 492 3869 sqq.
502 3802 531 3853 iu
542 3797 808 3869 Augustinianorum
824 3800 957 3865 aedicula,
968 3800 1014 3867 qui
1027 3808 1197 3869 quamquam

274 3887 329 3923 nou
351 3870 528 3925 mediocriter
547 3870 717 3940 theologiam
737 3867 931 3925 scholasticam
957 3867 1081 3937 redolet,
1105 3871 1199 3917 tamen

274 3942 385 3995 Lutheri
395 3943 460 3996 inde
480 3944 599 3997 emicant
617 3943 836 3997 luculentissime
850 3941 955 4012 ingenii
966 3939 1106 4007 animique
1117 3939 1198 3991 vires.
1276 3941 1284 3955 ‘

274 4013 412 4068 [caschar
435 4012 465 4081 1,
483 4030 511 4084 p.
538 4014 588 4072 231
612 4031 673 4085 sqq.
692 4014 798 4069 Waleh.
827 4030 916 4083 germ.
934 4008 993 4081 llll,
1011 4006 1082 4066 2144
1101 4023 1162 4078 sqq.
