3075 4750
338 457 381 526 86
665 459 814 514 Sermones
833 456 943 514 L'ntberi

340 648 457 711 vorago
484 627 609 705 inferni,
644 646 724 705 quae
752 627 848 705 spirat
868 624 1050 691 infernalem
1071 620 1263 704 Memphitim

341 735 381 775 ex
402 710 555 794 profundo
578 710 714 771 omnium
737 709 867 769 faenum.
909 709 951 770 Et
977 707 1060 788 [lage
1092 706 1165 784 tibi,
1198 711 1262 766 tum

342 795 531 858 conveniunt
558 792 765 871 detractores,
797 799 871 852 tune
891 793 1064 854 convivium
1086 809 1193 850 eorum
1216 793 1264 848 est

341 881 523 958 depromere
549 876 682 955 aliquem
712 883 744 936 et
771 895 887 955 ponere
915 883 987 936 ante
1010 894 1044 934 se
1065 875 1095 933 in
1117 872 1262 950 medium,

343 972 376 1021 nt
397 961 524 1020 alternis
539 959 664 1020 rictibus
676 960 814 1022 lacerent
827 979 907 1036 enmd
925 959 1004 1018 sicut
1019 976 1112 1018 canes
1130 955 1263 1034 cadaver
1297 1003 1302 1016 ,

341 1045 414 1122 equi
434 1045 465 1102 in
489 1061 610 1122 campo.
653 1043 692 1102 ut
714 1061 787 1103 vere
818 1061 910 1102 canes
939 1041 1055 1102 similes
1086 1040 1167 1118 iliis,
1199 1040 1262 1100 imo

341 1125 532 1202 foetidiores,
553 1127 625 1204 quia
645 1126 689 1186 iiii
711 1145 823 1204 equum
835 1131 956 1202 vorant,
979 1124 1129 1189 hiantem
1147 1121 1263 1182 effosso

342 1209 495 1272 cadavere
527 1209 677 1284 hominis,
712 1207 795 1287 quod
829 1209 964 1268 omnium
996 1207 1131 1266 maxime
1162 1211 1265 1286 putret

343 1300 374 1354 et
395 1299 511 1372 puteat,
534 1291 617 1372 quod
641 1293 738 1352 erosis
762 1291 924 1368 eorumne,
958 1297 989 1350 et
1010 1289 1142 1350 tabifluis
1161 1289 1265 1350 nervis

342 1385 374 1436 et
393 1376 548 1437 vermibus
568 1374 837 1454 interreptantibns
871 1371 981 1454 (etiam
1012 1374 1148 1454 cogitatu
1169 1372 1264 1451 horri-

342 1459 433 1520 ficum
455 1461 520 1535 est)
545 1457 693 1518 invadunt
713 1457 838 1517 alternis
860 1456 1013 1517 morsibus
1035 1465 1066 1516 et
1086 1457 1118 1514 in
1140 1473 1265 1516 carnem

344 1553 375 1602 et
396 1561 517 1603 vermes
540 1541 673 1602 furiosos
695 1548 726 1600 ei
748 1539 930 1602 maledictos
953 1541 1061 1600 dentes
1082 1539 1265 1618 impingunt.

344 1626 429 1703 Phui,
450 1625 541 1702 Phui,
564 1644 654 1703 quam
676 1622 864 1684 horrendum
885 1630 1056 1684 monstrum
1079 1629 1126 1682 est
1147 1620 1265 1682 detrac-

343 1710 413 1769 tor!
456 1707 573 1778 Scitote
594 1714 707 1782 autem,
730 1707 876 1784 quoniam
897 1725 961 1766 non
984 1716 1031 1766 est
1053 1705 1114 1765 hoc
1127 1706 1157 1764 iu
1173 1723 1266 1764 carne

344 1798 405 1853 tam
427 1789 635 1852 abominabile
656 1788 722 1848 fieri
745 1808 850 1850 coram
875 1789 972 1852 oculis
987 1788 1158 1865 hominum,
1174 1806 1266 1866 quam

344 1880 392 1937 est
413 1873 618 1935 detractorem
640 1871 705 1932 fleri
728 1873 758 1932 in
782 1878 950 1952 conspectu
971 1871 1030 1931 Ilei
1052 1877 1083 1932 et
1105 1869 1266 1950 spirituali-

344 1964 405 2034 ter,
444 1957 516 2034 quia
545 1955 747 2034 spiritualium
781 1960 812 2016 et
834 1955 1041 2034 corporalium
1063 1955 1199 2015 maxima
1220 1959 1269 2012 est

345 2039 498 2103 distantia.
542 2039 710 2099 Verissime
731 2043 834 2098 autem
857 2037 989 2100 cadaver
1011 2044 1059 2098 cst
1079 2036 1174 2098 homo
1197 2055 1267 2116 pec-

345 2128 446 2196 cator,
475 2122 526 2200 qui
545 2120 646 2182 babet
665 2127 842 2200 paccatum,
871 2122 921 2200 qui
944 2127 1017 2182 tuno
1039 2121 1083 2183 sic
1105 2120 1268 2198 laceratur,

345 2204 467 2283 quando
496 2205 562 2265 eius
588 2211 749 2282 peccatum
786 2202 974 2284 divulgatur,
1006 2201 1091 2282 quod
1117 2203 1185 2282 ipse
1220 2221 1267 2261 se-

344 2288 452 2368 pelivit
481 2287 563 2367 apud
596 2307 630 2348 se
653 2289 683 2348 in
707 2288 899 2348 conscientia
920 2306 983 2346 sua.
1029 2285 1118 2346 Unde
1143 2287 1174 2347 in
1197 2285 1269 2365 lege

344 2372 439 2433 Mosis
461 2370 652 2435 strictissime
669 2370 856 2450 prohibitum
877 2377 943 2431 est:
974 2367 1021 2432 Ne
1040 2370 1107 2449 quia
1128 2376 1270 2449 tangeret

346 2456 551 2524 morticinum.
593 2453 631 2516 Hi
654 2460 756 2515 aut‘em
781 2456 872 2515 etiam
896 2454 1016 2533 lingunt
1043 2459 1075 2513 et
1106 2451 1268 2531 devorant,

345 2544 416 2600 sunt
435 2538 528 2617 igitur
548 2537 662 2597 animai
683 2537 780 2615 illud,
815 2536 898 2616 quod
922 2536 1031 2596 dieitur
1052 2536 1189 2615 hyaena,
1226 2535 1266 2597 de

345 2640 406 2699 qua
427 2620 542 2681 Plinius
567 2620 671 2679 etalii
701 2620 822 2695 dicunt,
857 2618 939 2698 quod
961 2624 1054 2679 nocte
1077 2618 1187 2679 simula
1214 2637 1267 2679 vo·

345 2723 411 2763 cem
433 2702 588 2779 hominis,
611 2709 642 2763 et
664 2722 701 2762 eo
725 2710 856 2763 evocato
880 2703 1000 2781 iugulat
1021 2702 1131 2781 ipsum,
1154 2707 1267 2781 etpos-

345 2786 422 2845 citur
443 2784 564 2845 effossis
584 2784 734 2865 sepulcris
757 2793 946 2846 mortuorum
967 2783 1178 2847 cadaveribus.
1220 2784 1268 2845 ita

345 2866 548 2929 et‘detractor
568 2868 649 2947 facia
673 2869 771 2946 quisi
795 2887 857 2929 nou
881 2867 1064 2946 detraheret,
1086 2873 1267 2945 moreretur,

345 2952 417 3029 quia
437 2958 543 3029 pastus
565 2952 630 3010 eius
653 2957 700 3010 est
723 2949 891 3029 detractio,
919 2958 1030 3011 evocat
1052 2952 1145 3011 etiam
1169 2950 1267 3010 homi·

346 3053 414 3094 nem
438 3040 470 3092 et
492 3033 614 3111 occidit,
637 3033 760 3112 quamlo
783 3034 916 3113 aliquem
939 3053 994 3094 sno
1008 3034 1154 3113 pestiicro
1169 3032 1266 3093 verbo

345 3116 383 3175 ad
419 3135 454 3175 se
485 3116 671 3178 audiendum
700 3112 870 3196 perducit·
902 3116 979 3177 Nam
1019 3116 1141 3178 auditor
1172 3117 1266 3177 etiam

345 3199 525 3261 detractoris
548 3198 729 3261 maledictus
750 3206 807 3278 est,
830 3201 881 3279 qui
904 3199 974 3259 dum
998 3200 1071 3260 facit
1092 3198 1265 3261 simulando

344 3301 455 3342 vocem
477 3281 658 3360 humanam,
678 3284 699 3343 i.
723 3303 750 3342 e.
768 3302 873 3343 veram
891 3290 922 3343 et
943 3283 1138 3343 innocentem
1163 3302 1266 3343 narra·

345 3366 461 3426 tionem
483 3384 679 3445 proponens,
708 3366 789 3426 sicut
809 3384 901 3445 supra
922 3364 986 3425 dixi
1007 3366 1037 3425 in
1060 3365 1266 3426 excusationi-

346 3448 402 3509 bus
424 3467 540 3509 eorum.
578 3447 656 3509 Sunt
678 3450 771 3509 etiam
793 3448 983 3517 detractores
1005 3448 1045 3509 de
1058 3448 1265 3509 numeroillo·

345 3552 412 3591 rum
432 3550 582 3611 vagorum
603 3533 794 3601 institorum,
829 3550 907 3610 quos
944 3530 1037 3611 vulgo
1066 3531 1266 3591 Kanab-sack

345 3621 471 3691 vocant,
491 3621 635 3693 potantes
658 3614 731 3675 nibil
754 3613 837 3674 aliud
861 3616 918 3674 nisi
940 3634 1062 3677 venena
1082 3634 1156 3676 suae
1173 3616 1265 3694 pesti·
1310 3661 1322 3684 x

346 3698 430 3757 ferae
452 3697 665 3774 detractionis,
703 3705 735 3759 et
758 3697 873 3758 audent
895 3697 1006 3775 dicere,
1044 3703 1141 3759 artem
1177 3716 1275 3781 auam

346 3780 495 3859 prodesse
517 3780 556 3839 ad
578 3781 730 3841 cantelam
753 3800 870 3859 eorum,
894 3782 944 3859 qui
967 3787 1090 3859 emunt,
1122 3786 1155 3839 ut
1177 3800 1265 3841 cave-

346 3868 400 3923 ant
425 3862 464 3923 ab
490 3863 563 3926 iilis.
606 3863 691 3937 Quid
723 3865 816 3944 igitur
843 3863 969 3924 remedii
1000 3870 1048 3923 est
1074 3863 1134 3926 illis
1156 3872 1266 3925 eontra

318 3944 407 4015 'hoc
439 3946 566 4010 vitium?
611 3947 827 4027 Respondent,
856 3946 971 4010 nullum
1001 3947 1081 4028 scio,
1110 3947 1182 4028 quia
1217 3956 1265 4010 est
