3075 4750
369 519 432 600 276
736 523 875 588 Praefatio

369 708 436 763 stea
456 703 487 762 in
511 701 640 764 articulo
661 703 768 764 mortis
789 702 960 784 plenariam
972 701 1294 780 omniumpoenarum

367 790 399 846 at
419 791 617 866 pcccatorum
639 783 873 866 indulgentiam,
895 792 927 846 et
948 784 1063 847 habere
1083 783 1293 863 participatio·

365 885 436 928 nem
452 903 457 913 ·
475 869 612 928 omnium
648 868 801 931 bonorum
838 868 1058 950 spiritualium,
1099 884 1180 945 quae
1216 863 1294 925 flunt

364 952 396 1010 in
427 950 579 1012 militante
610 951 744 1012 ecclesia
773 959 806 1014 et
832 953 864 1012 in
892 951 1037 1013 membris
1059 950 1135 1010 eius.
1177 947 1293 1010 Nonne

367 1033 569 1113 cognoscitis,
592 1033 685 1114 quod,
710 1034 736 1094 si
759 1036 920 1115 contingat
940 1033 1073 1114 aliquem
1094 1033 1140 1094 ire
1159 1032 1295 1095 Romam

365 1113 416 1176 vel
449 1113 488 1175 ad
517 1115 593 1176 alias
623 1117 818 1197 periculosas
845 1123 966 1198 partes,
995 1116 1119 1176 mittam
1134 1114 1295 1257 (pecunias

367 1215 438 1258 suas
460 1198 490 1256 in
512 1196 624 1278 banco,
647 1205 678 1260 et
698 1200 752 1260 ille
769 1219 826 1281 pro
843 1199 982 1281 quolibet
997 1204 1121 1260 centum
1156 1198 1294 1276 atquin·

322 1319 330 1334 .
367 1297 427 1359 que
449 1288 502 1340 aut
524 1299 581 1342 sex
602 1288 656 1342 aut
676 1281 800 1363 decem,
834 1289 868 1343 ut
887 1283 1008 1345 Romae
1036 1280 1087 1342 vel
1116 1279 1191 1342 alibi
1224 1298 1294 1350 cum

366 1361 463 1424 literis
492 1362 566 1424 dicti
597 1363 690 1426 banci
720 1385 845 1426 securas
875 1365 1037 1428 rehabeat:
1072 1371 1105 1425 et
1137 1381 1196 1424 vos
1229 1382 1295 1425 non

367 1443 458 1506 valtis
482 1464 538 1526 pro
562 1453 671 1525 quarta
691 1455 780 1528 parte
800 1447 911 1510 floreni
940 1448 1079 1528 recipere
1098 1446 1155 1507 bas
1176 1445 1296 1525 literas,

368 1546 495 1608 quarum
518 1529 629 1591 virtute
652 1549 716 1592 non
738 1532 898 1612 pecunias,
921 1529 976 1592 scd
998 1530 1133 1591 animam
1155 1526 1295 1590 divinam

368 1617 401 1672 et
420 1611 627 1673 immortalem
644 1619 789 1676 tutemet
809 1632 950 1674 securam
971 1612 1084 1674 ducere
1100 1613 1234 1692 potestis
1255 1611 1295 1673 ad

366 1695 497 1774 patriam
524 1695 668 1775 paradisi.
718 1695 792 1761 Ideo
827 1696 974 1775 consulo,
996 1696 1173 1774 committo,
1203 1701 1235 1755 et
1264 1696 1295 1756 in

368 1784 514 1855 quantum
537 1782 570 1838 ut
591 1785 700 1858 pastor
719 1779 850 1858 mando,
879 1786 913 1840 at
940 1797 1142 1840 une.mecum
1164 1796 1204 1838 ac
1225 1777 1296 1838 aliis

368 1858 578 1922 sacerdotibus
599 1860 734 1924 habeant
754 1864 924 1944 pretiosum
946 1862 1122 1924 thesaurum
1143 1861 1296 1941 recipere,

368 1948 513 2023 atquem
541 1945 676 2006 maxime
704 1945 767 2026 illi,
801 1947 855 2026 qni
880 1947 912 2006 in
946 1946 1006 2006 isto
1037 1962 1127 2005 sacro
1156 1943 1296 2006 iubilaec

369 2025 504 2086 confessi
524 2044 588 2086 non
616 2027 758 2109 fuerunt,
792 2047 883 2108 quem
910 2029 943 2087 in
971 2027 1104 2088 futurum
1132 2028 1297 2107 acquirere

368 2113 526 2188 poterunt,
548 2109 620 2188 quia
641 2118 750 2191 posset
770 2111 860 2174 vobis
882 2111 1064 2191 contingere
1084 2129 1186 2190 casus,
1209 2109 1297 2189 quod

368 2189 479 2270 velitis,
502 2196 534 2252 et
555 2192 681 2254 minime
701 2193 817 2258 habere
837 2194 981 2275 possetis.
1064 2246 1070 2259 ι

450 2273 537 2353 item,
559 2293 599 2335 ex
620 2281 709 2356 parte
729 2277 916 2340 sanctissimi
938 2275 1057 2338 domini
1077 2275 1177 2336 nostri
1189 2273 1298 2355 Papae

369 2356 644 2439 sanctissimaeque
666 2358 748 2423 sedis
771 2360 973 2457 apostolicae,
995 2379 1033 2421 aa
1043 2356 1299 2421 reverendissimi

366 2438 487 2502 ¹domiui
508 2443 570 2501 mei
590 2442 695 2523 legati,
718 2443 861 2506 omnibus
883 2449 915 2505 et
936 2442 1074 2524 singulis,
1097 2443 1150 2521 qui
1171 2459 1298 2503 sacrum

368 2524 535 2585 iubilaeum
568 2530 599 2585 et
625 2526 865 2589 confessionalia
890 2532 1073 2608 receperunt
1093 2544 1131 2585 ac
1151 2544 1211 2605 pro
1231 2526 1295 2585 isto

369 2625 466 2687 parvo
490 2614 629 2689 tempore
650 2609 809 2690 recipient,
830 2628 869 2671 ac
890 2610 1048 2690 praefatae
1068 2608 1207 2670 fabricae
1219 2626 1296 2688 apc-

369 2689 518 2751 stolorum
552 2691 698 2773 principis
727 2712 844 2769 ⁴manus
884 2691 1048 2753 adiutrices
1077 2692 1297 2771 apposuerint,

368 2772 400 2835 in
422 2772 563 2833 omnibus
575 2774 729 2854 precibus,
746 2774 908 2856 suffragiis,
920 2774 1137 2855 eleemosynis,
1158 2774 1297 2853 ieiuniis,

369 2855 570 2935 orationibus,
591 2857 702 2938 missis,
724 2858 808 2933 horis
830 2859 1004 2937 canonicis,
1025 2855 1214 2936 disciplinis,
1242 2876 1296 2937 pe

369 2936 642 3021 regnastionibus,
665 2942 849 3004 stationibus
870 2940 1049 3022 papalibus,
1070 2938 1298 3003 benedictioni·

371 3019 428 3084 bus
451 3026 483 3081 ct
503 3023 611 3083 ceteris
634 3021 701 3084 aliis
724 3022 930 3105 spiritualibus
952 3022 1053 3101 bonis,
1075 3040 1155 3102 quac
1177 3032 1254 3084 sunt
1265 3030 1301 3084 et

368 3100 436 3163 fieri
455 3109 602 3184 poterunt
627 3106 659 3166 in
680 3114 863 3189 perpetuum
879 3107 915 3167 in
937 3106 1060 3167 militari
1082 3106 1238 3168 ecclesiae
1265 3113 1299 3167 et

368 3186 400 3250 iu
422 3186 563 3250 omnibus
585 3188 729 3251 membris
752 3192 828 3269 eius,
850 3197 913 3252 tam
934 3191 993 3270 ipsi
1016 3187 1109 3269 quam
1124 3188 1171 3249 sui
1182 3208 1298 3269 paren-

370 3277 427 3349 tes,
450 3273 672 3351 consanguinei
693 3279 725 3334 et
737 3272 951 3336 benefactores
966 3272 1112 3352 defuncti,
1123 3274 1299 3354 participes

370 3359 401 3412 et
423 3359 590 3435 consortes,
606 3352 682 3417 fient
700 3357 732 3417 in
754 3363 954 3438 perpetuum,
977 3362 1009 3417 et
1030 3362 1063 3417 ut
1083 3356 1142 3437 ipsi
1164 3357 1300 3418 caritate

370 3436 457 3515 moti,
478 3436 522 3499 ita
541 3436 625 3497 Deus
647 3444 679 3499 et
699 3441 798 3502 sancti
820 3439 928 3501 Petrus
942 3446 974 3500 et
985 3439 1107 3519 Paulus,
1129 3443 1162 3499 et
1183 3458 1299 3501 omnes

370 3520 486 3598 sancti,
528 3538 656 3599 quorum
696 3540 828 3603 corpora
860 3523 980 3585 Romae
1007 3523 1224 3603 requiescunt,
1265 3525 1299 3585 in

369 3600 429 3663 hac
457 3601 539 3663 valle
567 3604 598 3663 in
627 3622 705 3684 pace
730 3608 800 3671 ¹eius
832 3605 1007 3668 custodiant
1038 3614 1070 3667 et
1096 3604 1136 3666 ad
1158 3625 1302 3687 superna

369 3704 467 3767 regna
497 3684 677 3767 perducant.
726 3688 812 3769 Ages
841 3689 1006 3769 praedictis
1043 3687 1223 3751 nominibus
1267 3697 1302 3753 ct

370 3786 440 3829 meo
467 3770 581 3849 gratim
609 3771 799 3833 immortales
819 3772 996 3835 reverendis
1018 3780 1082 3835 tam
1102 3772 1300 3837 secularibus

369 3849 581 3913 sacerdotibus
604 3858 636 3913 et
655 3855 801 3934 praelatis
823 3861 881 3917 etc.

452 3933 577 3995 Praeter
599 3935 677 3997 haec
698 3937 888 3999 Chemmitius
908 3936 998 4000 nobis
1021 3938 1188 4018 quaedam,
1213 3959 1302 4019 quae

370 4015 402 4075 in
424 4015 560 4080 Tetaelii·
575 4016 680 4081 libello
702 4020 972 4102 proponebantur,
1000 4020 1125 4084 tradidit
1153 4023 1186 4085 in
1211 4021 1301 4085 Exa
