3075 4750
334 478 398 545 384
652 442 660 469 ⁸
694 480 933 551 rapuissem.

287 804 297 829 f
333 648 1266 807 mmflrnannrnnmrnmmnn

291 852 297 865 =
336 822 364 890 5.
388 818 426 880 13
449 835 479 895 p.
502 817 572 888 29).
615 818 643 875 is
677 815 757 875 haee
789 822 907 876 namet:
931 814 1119 894 „Lutherus‚
1148 816 1200 895 qui
1234 836 1266 877 a.

313 941 317 949 -
336 898 609 966 1517·adaertione
621 896 852 964 andetenaione
869 898 1038 963 thematum
1051 897 1135 963 XCV
1153 906 1266 959 eontra

334 981 542 1062 indulgentias
563 980 693 1061 papales
713 980 912 1062 implacabile
935 980 1049 1047 balium
1062 980 1173 1045 indixit
1195 981 1264 1043 sedi

336 1071 367 1125 et
388 1064 540 1125 eeclesiae
561 1062 709 1127 romanae
723 1073 755 1131 ot
771 1063 985 1129 reformationi
996 1083 1051 1145 par
1062 1063 1265 1127 Germaniam

335 1166 460 1212 mosam
489 1145 591 1226 dedit,
616 1158 707 1211 anno
743 1155 894 1227 sequente
919 1146 1154 1228 Heideibargam
1192 1146 1266 1208 lieet

336 1230 399 1295 alio
423 1228 485 1299 fine
508 1230 608 1308 venit,
629 1232 700 1291 istie
719 1248 844 1310 quoque
866 1230 989 1296 initium
1009 1231 1051 1310 pii
1074 1232 1178 1310 operis
1201 1230 1263 1293 tao-

336 1320 429 1375 turus.
491 1312 567 1373 Erat
611 1312 760 1375 Lutherus
804 1313 972 1375 monaahus
1006 1314 1263 1393 Augustininnua,

336 1396 446 1467 ordini.
459 1395 504 1460 illi
524 1397 659 1465 initiatus
680 1404 714 1457 at
733 1398 766 1459 in
787 1416 825 1459 eo
840 1394 980 1475 salebris,
1002 1398 1088 1461 anus
1107 1396 1264 1457 nueulium

336 1479 475 1542 nondum
495 1480 692 1559 deposuerat
735 1478 813 1541 Cum
842 1481 933 1560 igitur
966 1486 1137 1545 sonvaatus
1159 1480 1265 1561 nugu-

336 1565 535 1628 stinianorum
569 1562 755 1627 iudiearetur
798 1562 1022 1643 Heidelbergae
1060 1582 1147 1633 anno
1183 1564 1265 1627 1518

337 1648 453 1728 negotii
474 1645 604 1712 adonius
631 1664 744 1725 masa,
774 1645 857 1725 quod
876 1663 949 1709 eum
972 1644 1120 1713 Ordinem
1142 1654 1265 1725 speeta-

337 1730 404 1808 bat,
432 1730 489 1791 etsi
519 1729 732 1789 dissuaderent
752 1730 978 1809 prosectionem
1006 1730 1100 1790 amini
1119 1728 1160 1790 ob
1184 1731 1264 1809 peri-

337 1814 425 1890 oum.
451 1814 591 1891 quaein
614 1814 723 1878 itinere
744 1812 836 1875 sanila
857 1812 916 1892 ipsi
937 1819 1070 1891 possent
1089 1810 1265 1892 obtingere,

336 1896 404 1977 ipse
426 1904 529 1960 tamen
550 1896 685 1974 perstitit
703 1897 734 1957 in
750 1898 925 1975 proposito,·
945 1894 1143 1959 obedientiae
1154 1894 1265 1957 Ordini

337 1978 460 2041 debitae
482 1978 708 2056 satisfacturus,
721 1986 836 2057 ..atque
863 1998 902 2039 eo
919 1997 973 2043 aa.
991 1978 1122 2041 eontulit
1153 1976 1264 2054 (Loth.

336 2061 415 2140 Idpp.
439 2060 605 2126 ent-nuris..
620 2060 644 2121 Ι.
666 2081 696 2140 p.
709 2064 760 2127 54.
781 2060 820 2124 da
834 2060 938 2125 Wetta
946 2061 978 2141 1,,
994 2081 1024 2141 p.
1036 2062 1107 2132 98).
1136 2061 1266 2121 Delatus

337 2145 393 2203 fuit
418 2142 655 2223 Heidelbergam
686 2162 792 2208 mense
814 2143 912 2225 Aprili
937 2145 1016 2205 anni
1052 2142 1191 2209 aiusdarn
1235 2152 1267 2205 ot

337 2225 507 2297 honoriflee
529 2233 677 2306 exceptus
698 2224 921 2307 aweligaussn
935 2226 1086 2306 Principe,
1108 2226 1264 2289 Eieotoris

335 2310 466 2380 Palatini
488 2310 597 2390 tratre,
620 2309 771 2390 discipulo
795 2310 951 2375 iohannis
968 2308 1222 2390 oaolampann,
1243 2331 1265 2371 a

335 2413 398 2474 qua
419 2395 576 2466 eumaliis
604 2392 745 2460 fratribus
779 2392 946 2459 minoribus
974 2393 1066 2458 tonis
1103 2393 1201 2458 litoris
1235 2402 1267 2458 et

334 2479 450 2558 pietate
471 2477 603 2537 imbutus
631 2477 745 2556 fuerat,
779 2477 945 2558 hospitium
976 2484 1078 2536 autem
1113 2478 1141 2537 ei
1163 2479 1263 2558 nang-

222 2615 229 2631 ,
335 2568 440 2622 natum
472 2562 502 2620 in
534 2560 667 2630 clanstro
696 2560 1016 2641 Augusnsanorum„
1042 2560 1125 2639 quod
1148 2567 1265 2640 postea

336 2636 512 2724 Sapientiae
544 2643 719 2723 collegium
745 2643 934 2724 appellatum
970 2650 1025 2706 est.
1078 2643 1157 2704 Dum
1192 2645 1265 2704 istie

336 2733 486 2805 moratur,
510 2733 641 2804 atquae
663 2725 787 2786 Ordinis
809 2734 896 2788 erant
929 2732 1055 2805 tractat,
1083 2727 1150 2807 ipse
1173 2734 1264 2787 aetus

335 2810 403 2871 zelo
425 2808 645 2896 propagandae
668 2811 804 2894 veritatis
833 2810 1083 2896 conseripsitstt
1097 2812 1265 2890 proposuit

335 2893 562 2953 oonolusiones'
585 2885 761 2972 (paradoira
786 2882 879 2954 'vocat
899 2886 983 2974 ipse)
1019 2894 1105 2953 mixti
1136 2895 1263 2973 generis

335 2975 554 3056 quadraginta,
582 2995 623 3036 ex
641 2976 815 3056 Theologia
835 2975 977 3052 xxvni,
1001 2981 1032 3036 et
1053 2975 1109 3036 XII
1130 2995 1170 3036 ex
1192 2976 1263 3036 Phi-

334 3058 493 3138 losophia,
517 3058 625 3137 quibus
649 3060 765 3119 taxavit
783 3057 1113 3120 Romanaeidoolesiae
1136 3077 1261 3120 errores

334 3147 488 3221 receptos,
510 3140 667 3202 delibero
688 3142 813 3203 arbitria
836 3133 909 3222 posi
929 3149 1105 3222 pennatum,
1128 3142 1167 3202 de
1190 3163 1261 3223 gre·

334 3225 393 3305 tia,
421 3223 499 3303 fide,
531 3223 760 3304 iustificatione,
790 3224 943 3306 ¹operibus
981 3225 1086 3305 bonis,
1119 3226 1261 3306 inprimis

215 3327 219 3342 ¹
333 3317 436 3370 autern
468 3307 507 3368 de
528 3305 745 3370 iustifiootione
773 3307 942 3389 perfidem
969 3307 1086 3388 absque
1113 3309 1263 3388 operibus

334 3392 508 3455 doctrinam
527 3390 667 3472 Baalijet
683 3391 851 3481 Augustini
880 3397 1127 3478 repraesentare,
1141 3410 1180 3451 ae
1208 3391 1263 3452 de·

335 3481 536 3536 monstratam
559 3472 632 3534 dsr'e
654 3473 760 3536 voluit.
815 3465 1067 3556 Respondentem
1098 3467 1156 3535 sibi
1179 3475 1264 3536 dele·
1384 3473 1385 3478 ’

335 3556 672 3639 gitnLeonhardnm
692 3557 1044 3638 Bajeruoneiuedam
1057 3555 1174 3620 ordinis
1198 3575 1265 3619 rno-
1293 3607 1303 3624 .

335 3642 484 3710 oaohum,
514 3648 545 3700 et
573 3641 710 3709 themata
728 3659 786 3721 pro
825 3659 911 3706 more
937 3641 1031 3721 affixa
1062 3641 1188 3722 publiea
1212 3641 1264 3702 die

335 3724 529 3804 26.‹Aprilis
564 3725 595 3784 in
628 3723 884 3804 disceptationem
916 3725 1059 3802 vooavit3
1094 3724 1149 3785 sed
1183 3724 1268 3805 apud
1383 3773 1384 3778 1

335 3807 596 3887 Augustinianos‚
631 3813 662 3866 et
694 3807 725 3866 in
759 3805 931 3868 aoroaterio
966 3807 1106 3886 iliorum,
1147 3827 1213 3868 non
1235 3809 1267 3867 ia
1383 3861 1384 3870 ,

336 3889 520 3974 Academia,
559 3888 641 3969 quod
672 3889 1022 3970 ProfessoraeffTheoio
1047 3891 1156 3969 ''non
1191 3892 1268 3952 satis

337 3966 504 4057 probarent
526 3969 776 4060 disputationem,
799 3980 831 4060 et
852 3979 954 4060 tamep
977 3973 1028 4060 in„
1053 3975 1270 4058 agustinianos
1382 3991 1383 4032 ὲ
