3075 4750
555 516 584 573 r.
604 490 728 571 'silvestri
745 519 895 575 mesatis.
1126 512 1205 585 371.

195 696 201 707 '
259 682 403 825 indemni
426 704 506 764 pene
528 691 580 745 tuo
599 686 802 763 otuelusions
823 692 908 747 tunm
935 687 1186 753 malevolentium

256 784 290 827 re
313 785 334 826 o
349 784 394 827 es.
556 808 560 813 -
1120 802 1124 807 ·

343 850 412 931 71).
428 851 515 913 Mart.
543 851 673 913 Oontrs
686 854 845 912 veniarum
871 854 1112 933 apostolicorum
1134 874 1185 929 ro-

257 932 382 995 ritetem
405 935 456 1011 qui
472 934 617 1014 loquitur,
629 936 670 995 sit
680 935 732 994 ille
754 935 919 997 anatliema
940 944 973 997 et
994 936 1185 1001 maledictus

344 1014 398 1075 Sil.
422 1015 563 1097 Effigiem
586 1019 667 1099 geris
691 1019 772 1095 eius,
796 1020 848 1097 qui
870 1021 1056 1101 eousignere
1075 1040 1111 1081 se
1132 1042 1185 1102 pu-

223 1130 228 1138 x
257 1102 359 1177 tons,·
375 1100 406 1158 in
437 1100 540 1161 lumen
568 1102 726 1181 proprium
753 1102 905 1182 impingit.
950 1104 1079 1165 Veritsti
1103 1107 1184 1165 enim

257 1182 420 1242 veniarum
441 1190 494 1244 sut
513 1185 752 1264 ignorantio'out
774 1184 890 1246 malitis
912 1180 1040 1249 multum
1063 1187 1182 1249 detrox·

259 1265 320 1343 isti,
343 1270 378 1325 ut
398 1266 496 1345 liquet
516 1285 556 1327 ex
577 1266 678 1327 dietis.

342 1350 401 1427 72)
426 1349 513 1411 Mart.
535 1346 595 1424 Qui
607 1370 680 1410 vere
691 1356 801 1411 eontra
814 1350 969 1412 libidinem
984 1359 1016 1412 et
1027 1350 1183 1413 licentium

259 1431 426 1493 verborum
453 1433 686 1495 contionatoris
716 1436 872 1495 venisrnm
902 1454 1006 1494 eurum
1034 1436 1112 1515 egit,
1146 1437 1186 1497 sit

257 1513 311 1575 ille
332 1514 524 1575 benedictus.

310 1628 314 1634 ·
342 1596 396 1660 Sil.
428 1597 492 1676 tit,
526 1600 665 1678 inquam,
699 1598 896 1678 benedictus,
930 1601 954 1659 si
979 1600 1124 1678 caritate,
1158 1601 1184 1660 si

257 1682 385 1759 iustitio,
408 1683 434 1741 si
454 1683 570 1761 pielnte
591 1687 744 1759 movetur,
766 1684 817 1760 qui
835 1700 909 1743 vero
926 1691 1033 1743 eontra
1046 1682 1185 1743 licentio-

258 1782 326 1823 sum
346 1766 380 1823 in
402 1762 533 1825 dicendo
555 1764 747 1827 licentiosior
768 1772 817 1827 est
837 1767 869 1824 in
889 1764 1062 1844 scribendo,
1084 1766 1183 1827 sDeo

258 1846 384 1925 quidem
406 1848 506 1908 bonus
527 1846 687 1926 efficiatur,
710 1847 748 1907 sb
772 1847 946 1909 hominibus
969 1858 1042 1908 v'ero
1056 1847 1096 1909 sd
1109 1848 1183 1909 elio-

256 1950 327 1990 rum
347 1932 571 1991 monimentum
592 1932 766 2011 eastigetur.

341 2016 393 2077 73.
404 2016 469 2087 74)
487 2014 574 2077 Mart.
598 2013 684 2076 Siout
703 2033 786 2093 papa
797 2015 875 2074 iuste
890 2012 1031 2074 fulminat
1046 2032 1111 2092 eos,
1132 2015 1183 2094 qui

256 2098 286 2158 in
309 2096 449 2157 fraudem
472 2098 589 2177 negotii
617 2095 875 2178 indulgentiarum
906 2114 1090 2177 quoeunque
1120 2104 1186 2159 erte

257 2180 616 2259 machinantur-,xmulto
649 2181 748 2260 magis
779 2180 941 2239 fulminare
962 2180 1094 2240 intendit
1116 2199 1183 2261 eos,

257 2265 309 2342 qui
339 2282 397 2343 per
424 2264 582 2323 veniarum
613 2270 809 2343 praetextum
837 2264 868 2322 in
897 2261 1035 2322 fraudem
1058 2273 1186 2323 sanetae

257 2347 397 2409 caritatis
419 2352 451 2406 et
472 2347 609 2407 veritatis
633 2346 855 2409 machinantur.

344 2429 399 2491 Sil.
443 2430 592 2491 Dominus
615 2436 721 2490 noster
741 2450 824 2510 papa
847 2434 951 2489 tantae
975 2430 1094 2489 virtutis
1122 2445 1185 2490 ore·
1245 2439 1248 2444 “

255 2513 350 2591 ditur,
373 2519 406 2573 ut
427 2533 483 2593 per
504 2532 577 2574 snos
601 2515 757 2574 ministros
780 2513 823 2572 nil
844 2511 991 2572 indecens
1013 2511 1079 2572 fieri
1101 2512 1184 2592 velit,
1226 2531 1228 2540 ¹

255 2616 295 2656 sn
318 2614 395 2657 vero
418 2597 449 2655 in
472 2615 527 2657 eos
551 2595 767 2674 delinquentes
788 2595 928 2658 intendet
939 2595 1183 2656 animadvertere
1207 2617 1211 2620 ·

259 2700 315 2760 per
338 2679 512 2762 anathema,
536 2687 570 2739 ut
591 2678 683 2755 dieis,
705 2686 780 2759 puto
804 2679 934 2742 nescies.

342 2766 398 2835 75)
421 2762 509 2824 Hert.
535 2762 672 2842 -Opiusri
699 2763 806 2822 venius
829 2761 957 2842 papales
973 2765 1081 2821 tentes
1104 2779 1184 2838 esse,
1256 2756 1262 2768 “

258 2854 292 2906 ut
317 2845 441 2922 solvere
463 2847 584 2925 possint
604 2845 778 2924 hominem,
802 2846 895 2906 etism
916 2845 942 2904 si
965 2845 1033 2922 quis
1055 2862 1111 2923 per
1131 2843 1184 2902 im·
1216 2851 1222 2866 ‘

255 2928 407 3009 possibile
430 2929 488 2988 Dei
510 2929 694 3009 genitrioeru
716 2929 880 3004 violasset,
901 2934 951 2987 est
970 2927 1115 2986 insanire.

283 3048 285 3063 .
344 3010 398 3074 Sil.
420 3011 585 3090 Astruere,
608 3010 691 3092 quod
713 3010 832 3072 habens
854 3009 1075 3090 plenitudinem
1096 3017 1184 3090 pote·
1257 3017 1274 3081 “,

256 3096 349 3157 stetis
372 3115 391 3156 a
413 3114 497 3176 pepe
516 3095 555 3155 sd
569 3095 684 3156 „venias
706 3094 806 3174 possit
825 3092 988 3155 absolvere
1009 3112 1029 3152 n
1050 3092 1183 3174 oulpsin

255 3179 342 3240 dioto
365 3197 440 3239 essu
461 3199 518 3258 per
539 3177 654 3238 ordinis
677 3176 807 3256 elevem,
828 3183 861 3236 et
881 3196 900 3236 s
921 3196 1025 3256 poena
1045 3196 1102 3256 per
1121 3174 1183 3236 ols-

255 3283 327 3323 vem
349 3261 579 3340 iurisdictionis,
601 3279 664 3320 non
689 3266 736 3320 est
757 3261 907 3338 insanire,
938 3259 991 3319 sed
1015 3277 1090 3318 sane
1114 3276 1181 3317 sen·

253 3348 331 3425 tire,
355 3346 540 3409 tumetium
563 3344 647 3404 idem
669 3350 780 3422 posset
800 3342 971 3420 iuJudsm,
994 3350 1038 3401 'et
1059 3342 1091 3400 in
1114 3358 1179 3415 eos,

255 3430 306 3509 qni
330 3435 384 3489 sut
405 3429 554 3508 virginem
569 3433 630 3488 'sut
649 3425 804 3486 Christum
827 3427 1063 3501 interemissent,
1085 3419 1179 3482 modo

255 3518 361 3572 essent
383 3512 527 3575 viatores.
571 3509 693 3571 Videris
716 3513 819 3570 eutem
843 3508 928 3588 loqui
951 3504 1140 3586 tragoedico.

337 3594 401 3679 76)
422 3596 509 3658 liert.
532 3595 669 3656 Dioimus
689 3599 806 3669 sonna,
829 3589 912 3669 quod
929 3589 1039 3649 reniae
1052 3586 1179 3668 papales

254 3702 313 3744 neo
335 3681 494 3740 minimum
515 3684 711 3758 peoostorum
733 3674 900 3735 venialium
914 3671 1023 3733 tollere
1039 3677 1179 3751 possunt,

255 3763 360 3846 quood
382 3763 514 3844 eulpam.
1120 3790 1126 3848 '.

302 3893 306 3898 ι
337 3847 393 3911 Sil.
415 3847 480 3906 Iuro
502 3843 688 3906 tibi-tollere
709 3860 772 3901 non
786 3843 917 3919 possunt
932 3837 1064 3915 veniale,
1086 3842 1179 3896 etiem

255 3932 359 4012 quood
381 3911 535 4010 finenem,
557 3927 672 4008 quinne
692 3925 841 4004 quonism
863 3919 1033 3982 seeundum
1055 3927 1086 3980 te
1110 3925 1181 3978 suut

255 4018 356 4078 solum
379 4015 469 4094 signa
489 4019 521 4074 et
541 4029 605 4072 nou
632 4028 727 4069 neusa
746 4005 947 4082 remissionisr
979 4002 1082 4079 Quod
1105 4020 1179 4062 vern

903 4108 968 4173 24·
