3075 4750
600 831 894 932 Praefatio
977 930 979 935 .

489 999 539 1096 D.
566 997 738 1098 Nicolai
761 989 998 1135 'Amsdcrfii

282 1172 316 1237 in
336 1172 473 1319 plrimum
487 1169 603 1270 tdmurn
624 1171 759 1238 omnium
775 1189 909 1268 'operum
930 1169 966 1237 R.
986 1169 1060 1236 Viri
1073 1168 1206 1265 Martini

284 1253 609 1406 Lbetntedlild
630 1252 1204 1486 liiijtffit’qltillfflivbiida'

669 1438 685 1486 s
702 1439 724 1486 u
781 1438 826 1488 so.

371 1711 590 1799 lllnstrissimis
612 1733 803 1816 Principibus
825 1755 862 1796 ac
882 1733 1038 1816 Dominis,
1068 1735 1202 1798 Domino

283 1817 419 1878 Johanni
441 1812 595 1877 nidenan
619 1816 781 1896 Secunde,
813 1819 946 1879 Domino
968 1819 1103 1880 dohanni
1130 1819 1205 1880 Wil-

283 1900 404 1979 belmo,
429 1907 460 1960 et
480 1899 615 1960 Domino
638 1899 774 1960 Johenni
795 1900 949 1961 Friderico
972 1905 1074 1981 tertio,
1096 1901 1205 1962 Fratri-

284 1984 357 2062 bus,
397 1981 524 2044 ducibus
560 1981 732 2063 Saxoniae,
775 1983 982 2065 Landgraviis
1007 1984 1205 2065 Thuringiae,

282 2065 511 2126 Marchienibus
531 2065 671 2144 Misniae,
693 2065 834 2127 Dominis
857 2067 1117 2128 clementissimis:
1141 2083 1204 2127 om-

283 2149 373 2209 nibus
405 2155 566 2228 practerea
599 2148 781 2208 Christianis
812 2156 844 2210 et
877 2151 991 2210 sanctis
1027 2158 1093 2211 toto
1129 2149 1203 2210 orbe

284 2231 443 2312 dispersis.
825 2292 827 2295 .

367 2313 506 2376 Gratiam
528 2312 587 2393 dei,
609 2313 702 2375 robur
713 2319 744 2375 et
766 2315 972 2377 constentiam
987 2335 1043 2397 per
1061 2317 1203 2397 spiritum

283 2404 425 2460 sanctum
448 2398 479 2457 in
501 2398 659 2478 agnitione
681 2398 805 2458 Domini
826 2398 1020 2462 nostrilesu
1041 2398 1153 2459 Christi
1175 2405 1206 2459 et

284 2481 465 2558 antichristi,
487 2487 520 2539 ut
542 2498 580 2541 ea
606 2482 636 2539 in
661 2482 748 2541 vobis
775 2479 911 2560 qnotidie
939 2489 1058 2540 crescat
1081 2486 1112 2541 et
1133 2498 1204 2540 con·

284 2564 436 2643 firmetur,
470 2562 509 2622 ad
531 2564 661 2644 gloriam
684 2565 818 2624 nominis
850 2562 960 2643 divini,
996 2570 1028 2624 et
1051 2563 1091 2623 ad
1112 2581 1205 2623 verae

286 2648 439 2709 ecclesiae
460 2646 706 2707 consolationem
731 2652 762 2707 et
783 2647 923 2707 salutem.

370 2730 447 2790 Cum
468 2730 689 2809 ,superioribus
730 2732 819 2790 andis
853 2728 1049 2791 celsitudinis
1083 2736 1205 2790 vestrae

286 2832 415 2895 parens,
439 2812 595 2873 Senoniae
617 2812 742 2874 Elector
774 2815 845 2892 piae
867 2819 899 2872 et
925 2813 1069 2873 laudatae
1089 2830 1204 2873 memo-

286 2898 360 2979 riae,
382 2897 531 2956 Dominus
545 2914 631 2955 meus
654 2896 921 2975 clementissimus,
943 2915 999 2977 pro
1023 2916 1079 2955 sua
1090 2897 1205 2975 pietate

287 2998 362 3061 erga
401 2998 505 3039 veram
544 2978 708 3038 ecclesiam
743 2984 787 3038 et'
813 2980 1008 3039 necessariae
1046 2978 1205 3039 doctrinae

287 3062 404 3141 studia,
436 3062 604 3143 praecipue
630 3062 661 3121 in
690 3062 771 3121 bane
805 3080 909 3121 curam
937 3061 1142 3139 incumberet,
1172 3065 1207 3121 ut

288 3147 403 3225 scripta
423 3142 597 3205 Reverendi
619 3144 675 3204 viri
697 3145 787 3205 Doct.
800 3145 920 3204 Martini
934 3144 1058 3204 Lutheri
1073 3144 1206 3204 collecta

287 3230 318 3288 in
331 3229 431 3288 lucem
453 3228 625 3305 ederentur,
649 3228 809 3307 omnespii
828 3234 941 3290 certam
953 3246 1041 3308 spem
1052 3226 1206 3307 concipie-

287 3310 362 3371 baut
384 3310 469 3391 fore‘,
498 3318 531 3370 ut
553 3308 613 3369 hdc
634 3310 826 3391 praeclarum
848 3310 1022 3391 depositum
1050 3316 1081 3370 et
1101 3310 1207 3391 magui
1296 3314 1303 3323 '

287 3388 377 3473 p‘retii
398 3394 558 3457 thesaurus
570 3392 732 3455 universae
754 3394 908 3455 ecclesiae
920 3394 1206 3455 communicaretur.

289 3477 335 3537 Ac
347 3477 418 3536 rivo
441 3474 563 3557 quidem
585 3474 625 3536 D.
638 3474 771 3537 Luthero
794 3476 855 3536 duo
879 3460 1094 3557 tomi'operum
1110 3476 1206 3555 ipsius

288 3562 369 3639 typis
397 3560 535 3640 expressi
556 3559 654 3639 luere,
687 3578 817 3642 quorum
839 3560 1008 3621 bonitatem
1028 3560 1072 3641 pii
1092 3557 1205 3620 indicio

288 3662 326 3702 ac
347 3644 524 3703 testimonio
538 3660 594 3703 suo
617 3662 680 3703 non
694 3642 793 3703 solum
806 3644 1025 3725 approbarunt,
1047 3640 1206 3702 sedetiam

287 3727 474 3806 reliquorum
499 3725 668 3789 editionem
691 3725 868 3787 ardentibus
889 3727 971 3787 votis
993 3744 1031 3786 ac
1053 3729 1118 3784 toto
1136 3742 1206 3805 pec-

288 3815 355 3869 tore
385 3810 608 3889 expetiverunt.
652 3808 714 3871 Sed
746 3815 820 3889 post
854 3809 972 3870 obitum
1006 3809 1043 3867 D.
1073 3806 1207 3885 Lutberl,

289 3912 356 3951 cum
380 3894 512 3953 eeclesia
532 3898 658 3974 propter
679 3900 810 3973 peccata
831 3898 937 3953 nostra
960 3898 991 3952 et
1008 3896 1206 3970 tyrannorum

290 3976 447 4037 saevitiam
462 3977 589 4037 sentiret
611 3982 642 4037 et
663 3974 798 4037 dissidiis
820 3975 998 4055 dogmatum
1012 3974 1206 4048 laceraretur,

950 4077 997 4142 1*
