3075 4750
401 567 404 573 ¹
459 506 489 557 et
505 500 646 582 voluptate
665 499 787 586 hominis
804 500 865 556 sine
884 498 981 569 matta.
1115 493 1178 563 253

560 720 826 783 Corollarium
846 718 884 781 11.

340 834 420 897 Cum
454 834 589 896 eredenti
623 835 727 895 omnia
759 832 861 908 sint*)
886 830 1047 913 possibilia
1069 836 1176 891 autore

256 918 398 999 Christo,
431 919 675 1016 spparstitiosum
698 923 760 995 est,
788 915 923 975 humano
953 914 1078 976 arbitrio
1106 914 1192 975 aliis

255 1003 373 1065 sanetis
395 1002 456 1063 alia
477 1002 616 1084 deputari
638 999 762 1060 auxilia.
959 1012 964 1026 ·

299 1150 302 1157 ,
340 1084 434 1163 Quod
455 1086 561 1148 omnia
582 1083 719 1144 eredenti
740 1084 802 1142 sint
822 1082 992 1163 possibilia,
1014 1080 1091 1141 dixit
1113 1078 1176 1141 Sel-

256 1168 368 1246 valtor,
391 1168 483 1235 Maro.
505 1173 535 1248 5,
556 1166 597 1227 id.
614 1165 720 1228 Matth.
743 1168 799 1227 21:
842 1164 955 1225 Omnia
976 1181 1177 1245 quaeeunque

255 1253 285 1312 iu
308 1252 438 1312 nomine
457 1270 528 1312 meo
549 1250 707 1330 petieritis,
729 1247 907 1327 eredentes,
935 1248 1102 1328 accipietis.
1145 1246 1177 1307 Si

169 1352 174 1358 ·
257 1353 332 1415 ergo
356 1334 517 1395 eredentes
538 1333 618 1393 baeu
637 1329 742 1393 omnia
769 1340 915 1411 possunt,
943 1332 1039 1391 multo
1069 1329 1175 1391 fortius

256 1418 340 1480 alibi.
382 1417 443 1486 Ubi
464 1418 548 1477 Deus
573 1417 631 1477 erit
653 1416 758 1477 omniu
779 1414 811 1475 iu
834 1414 993 1493 omuibus,
1020 1418 1107 1493 patet
1128 1432 1175 1474 su-

256 1500 466 1580 perstitiosum
489 1520 567 1579 esse,
582 1496 660 1559 'huie
680 1505 788 1559 sancto
810 1497 879 1575 hoo,
902 1497 952 1557 alii
974 1496 1055 1557 aliud
1069 1502 1175 1557 nostro

256 1583 384 1644 arbitrio
408 1583 554 1663 deputare
575 1582 733 1644 auxilium.
771 1581 822 1641 Ad
839 1581 922 1641 idem
938 1589 985 1641 est
1006 1578 1081 1639 illud
1103 1598 1175 1659 apo·

257 1667 329 1728 stoli
372 1670 400 1728 1.
430 1666 499 1729 Gor.
524 1669 561 1729 3:
604 1665 719 1725 Omnia
746 1671 866 1743 vestra,
900 1665 964 1724 sive
992 1664 1070 1742 vita,
1111 1664 1176 1724 aive

257 1768 356 1827 meus,
381 1750 447 1810 sive
466 1750 641 1829 praeterita,
663 1748 849 1827 siveiutura,
873 1754 904 1807 et
915 1748 1004 1809 Rom.
1022 1748 1057 1811 8:
1094 1744 1175 1821 Quo-

258 1832 352 1893 modo
389 1835 454 1894 uou
486 1833 591 1895 omnia
617 1834 648 1891 iu
675 1832 729 1905 illo
756 1830 903 1892 donavit?
951 1828 1112 1911 Augustiu.
1136 1828 1176 1891 de

256 1914 343 1979 Grat.
379 1914 454 1996 Gap.
488 1917 524 1978 3:
569 1912 630 1976 Sed
653 1921 684 1974 et
704 1914 967 1995 indignarentur,
1000 1932 1079 1995 quae
1112 1932 1175 1973 nou

257 2004 303 2059 est
326 2017 447 2078 eorum,
468 2000 520 2078 qui
540 1998 619 2061 seire
640 1997 759 2076 nolunt,
781 1996 836 2057 sed
859 2016 975 2077 eorum,
1000 1995 1177 2084 qui'simpli-

256 2083 332 2143 aiter
353 2083 504 2160 nesciunt
524 2082 679 2148 nemiuem
702 2082 746 2142 sio
768 2086 912 2158 excusat,
934 2080 1175 2160 ut'sempiteruo
1276 2100 1280 2118 ¹

255 2166 328 2245 igue
350 2175 414 2225 uon
436 2162 551 2228 ardeat.
594 2163 627 2225 Si
648 2171 813 2245 propterea
834 2183 896 2223 nou
932 2162 1076 2241 eredidit,
1105 2164 1176 2243 quia

255 2266 318 2308 nou
342 2246 469 2327 audivit,
491 2248 617 2325 omniuo
641 2246 764 2327 quidem
788 2246 935 2325 erederet,
958 2244 1011 2305 sed
1034 2245 1174 2307 fortassis

254 2338 287 2392 ut
308 2331 411 2392 miuus
432 2330 548 2397 ardeat,
590 2330 698 2399 Matth.
727 2332 765 2395 19
801 2328 906 2393 diouut
937 2328 1096 2414 discipuli:
1140 2326 1172 2389 Si

254 2415 297 2477 ita
318 2422 370 2476 eat
390 2434 483 2475 eausa
502 2413 635 2479 hominis
656 2433 725 2485 oum
748 2433 859 2492 uxore,
887 2432 950 2474 uou
973 2411 1098 2492 expedit
1118 2409 1192 2471 uu·

253 2497 346 2577 bere3
366 2497 517 2559 Dominus
538 2497 719 2578 respondet:
752 2497 823 2557 Nou
836 2496 953 2559 ‘omues
976 2493 1172 2576 oapiuuthoo

250 2580 392 2659 verbum,
414 2580 469 2641 sed
491 2579 598 2660 quibus
621 2579 725 2642 datum
748 2589 803 2646 est.
843 2577 884 2640 Sa
907 2624 915 2640 .
937 2577 971 2642 8:
995 2577 1094 2639 Nemo
1117 2597 1171 2659 po·

249 2671 310 2735 teat
332 2683 404 2727 asae
424 2664 596 2744 oontiueus,
615 2664 674 2724 uisi
694 2663 777 2724 Deus
798 2661 859 2723 det.
886 2600 1001 2748 danius
1019 2665 1045 2724 i.
1059 2661 1170 2726 'limi

250 2747 340 2809 dioit:
379 2746 501 2811 Gratias
527 2767 587 2828 ago
609 2748 694 2818 Deo,
722 2746 775 2826 qui
803 2745 856 2806 dat
882 2745 971 2808 uobis
1000 2745 1170 2806 viatorium.

249 2830 352 2893 idem:
397 2829 524 2891 Cursum
547 2830 773 2908 consummavi,
804 2824 896 2890 iidem
924 2829 1060 2907 servavi3
1087 2827 1170 2908 alibi,

248 2933 362 2978 munus
386 2921 677 2992 oonseoutus,sum,
698 2919 732 2973 ut
752 2910 851 2973 fidelis
875 2932 975 2973 essem
984 2935 996 2992 3¹
1025 2911 1104 2996 Eph.
1134 2913 1167 2975 2:

247 2996 349 3076 Ipsius
372 3016 477 3063 sumus
499 2995 688 3077 figmentum,
711 2997 805 3057 creati
826 2997 857 3055 in
881 2993 1000 3056 Christo
1025 2994 1115 3074 deso,
1138 2997 1169 3056 in

248 3082 394 3141 omnibus
410 3079 553 3160 operibus
575 3079 674 3141 bonis.
708 3079 913 3160 Augustinus:
956 3077 1026 3138 Nou
1049 3071 1102 3140 est
1116 3078 1171 3139 illa

191 3163 194 3169 '
247 3164 376 3242 orontio,
399 3181 461 3241 qua
480 3163 621 3225 homiues
643 3161 716 3225 faeti
738 3181 859 3241 sumus,
897 3161 952 3222 sed
977 3181 1022 3240 aa,
1046 3161 1084 3224 de
1107 3181 1168 3242 qua

247 3247 298 3306 ille
321 3245 457 3319 dicebat,
478 3247 530 3325 qui
550 3247 612 3307 iam
633 3245 728 3307 homo
751 3252 832 3324 erat,
854 3264 908 3307 eor
929 3245 1074 3306 muudum
1097 3264 1169 3306 oreo

246 3331 276 3389 in
298 3349 360 3408 me,
383 3328 475 3400 Deus.
517 3329 727 3410 Augustinus:
772 3323 878 3390 Gratia
900 3330 1012 3410 quippe
1034 3327 1168 3406 adiuvat,

247 3419 279 3472 ut
299 3411 380 3492 legis
404 3413 531 3492 quisque
551 3414 591 3473 sit
612 3419 707 3489 ector,
729 3412 796 3472 sine
818 3431 878 3492 qua
899 3413 999 3493 gratia
1020 3411 1075 3471 sub
1098 3410 1168 3491 lege

247 3496 349 3574 potius
373 3494 468 3556 homo
490 3497 547 3557 erit
562 3496 640 3576 legis
653 3494 784 3556 auditor.
818 3493 893 3555 Cum
907 3515 961 3576 per
971 3492 1166 3554 Ezechielem

249 3577 321 3639 dioit
333 3577 485 3638 Dominus
500 3578 574 3660 Cap.
591 3582 646 3642 11:
668 3577 815 3640 Auferam
830 3577 868 3639 ab
882 3579 919 3638 iis
933 3595 987 3637 eor
1008 3575 1164 3656 lapideum

249 3669 278 3722 et
298 3659 382 3723 dabo
411 3663 455 3722 eis
485 3681 539 3724 eor
566 3680 728 3739 carneum,
756 3681 820 3724 nou
850 3658 1083 3740 intelligendum
1109 3666 1165 3738 est,

250 3745 329 3822 quod
343 3745 508 3805 carnaliter
518 3746 631 3825 vivant,
645 3746 696 3825 qui
713 3744 827 3806 debent
840 3729 1035 3824 spiritualiter
1049 3742 1164 3821 vivere,

302 3940 333 4006 ⁴¹)
356 3941 386 3990 iu
406 3939 448 3991 ed.
467 3939 597 3992 Witteub.
618 3955 651 3992 aa
667 3938 728 3991 deu.
749 3953 799 3989 usu
818 3952 875 3989 nou
893 3917 922 3988 iu
945 3937 1081 3992 Thesibus
1101 3943 1164 3992 aute

252 4026 359 4065 rosam:
380 4010 534 4079 possibilia,
552 4016 617 4064 sunt
636 4011 735 4064 verbu:
760 4013 858 4062 autore
878 4007 997 4064 Christo.
