3075 4750
638 494 665 535 e
685 479 867 537 insutus.
1115 434 1199 551 '225

359 579 371 629 l

380 588 530 757 ῗξὶιι
558 650 665 712 tosus.
680 664 773 714 vem
800 650 993 729 humilitatis,
1022 650 1142 713 adlisos
1168 659 1199 714 u

489 726 633 794 Christo
656 734 774 794 eteius
798 734 913 794 meritis
939 741 973 794 et
994 733 1198 815 passionibus,

306 845 336 879 κ
453 804 616 875 χῐῐὶιιὶιιιιι
639 822 815 876 sanctorum
839 817 948 876 merite
962 816 1102 894 hebetes,
1124 816 1199 877 nihil

544 905 576 957 ut
592 897 671 975 dixi,
690 897 768 958 finiti
790 897 830 959 sd
851 897 1002 959 inlinitum
1025 899 1109 960 nulle
1129 917 1199 980 pro·

560 981 632 1044 tino
653 1000 683 1039 m
725 1000 766 1043 nu
788 980 879 1042 nobis
900 986 948 1043 est
969 980 1099 1061 iiduoie,
1127 1002 1198 1063 spes

592 1000 897 1143 *eumdum-andi,
918 1065 991 1144 quie
1012 1083 1087 1125 esee
1109 1066 1200 1127 unios

628 1165 648 1213 x
675 1148 739 1208 imo
764 1164 828 1207 uns
859 1165 930 1226 pers
960 1154 1066 1227 guum
1087 1146 1200 1211 suffieit

666 1229 851 1307 mitoneis,
875 1238 990 1309 quanto
1012 1232 1111 1311 megia
1133 1237 1201 1292 tote

695 1312 767 1396 tor,
807 1312 905 1391 iuquit
932 1312 966 1372 B.
1001 1312 1199 1394 Augustinus,

720 1396 749 1458 'e
772 1394 931 1455 vulnerum
951 1395 1076 1477 Domini
1099 1414 1199 1457 resor-

696 1483 863 1557 ,esperuut
886 1484 918 1539 et
939 1484 1056 1539 tentum
1067 1480 1199 1558 pretium

627 1590 659 1639 n,
680 1566 834 1637 errantes,
861 1558 917 1621 sed
939 1560 1043 1621 miseri
1065 1580 1199 1641 quoque,

555 1678 575 1701 ,α
597 1644 687 1724 pretii
710 1650 844 1723 peoeent
866 1650 1107 1724 praesumentes.
1150 1642 1199 1703 ux

496 1726 558 1785 ⁴isti
584 1726 739 1806 intellige,
768 1725 842 1804 quid
870 1726 910 1786 sit
943 1725 1092 1804 muudus,
1128 1727 1200 1806 quis

437 1828 501 1868 eum
523 1810 634 1869 virtute
660 1816 692 1869 et
718 1809 833 1869 iustitis
855 1808 929 1881 Dei,
957 1810 1036 1869 siout
1057 1808 1109 1870 ille
1131 1828 1200 1870 oum

366 1909 417 1952 uo.
456 1890 538 1972 llrgo
561 1892 640 1952 bene
662 1898 757 1973 neget
777 1910 882 1952 eorem
898 1891 1008 1969 Pilato,
1028 1890 1114 1981 quod
1134 1910 1200 1973 reg·

295 1994 362 2034 num
380 1976 442 2036 eius
464 1981 511 2035 est
532 1974 571 2033 de
593 1974 655 2035 hoe
671 1973 796 2051 mundo,
820 1974 891 2053 quie
904 1974 1034 2034 mundus
1052 1980 1100 2035 est
1112 1976 1199 2055 regio

292 2059 472 2119 inimieorum
494 2059 575 2134 eius,
597 2065 631 2117 ut
652 2063 803 2117 monstret
823 2058 854 2117 in
877 2076 933 2117 sue
953 2057 1115 2137 passione,
1144 2056 1199 2118 sed
1234 2094 1242 2105 ι

291 2141 395 2205 dietum
416 2148 465 2203 est
487 2141 530 2200 ei:
559 2140 719 2211 dominere
740 2142 772 2200 in
795 2139 897 2201 medio
919 2140 1112 2203 inimieorum
1135 2147 1200 2201 tuo

286 2246 356 2287 rum.
398 2223 450 2285 flio
470 2224 515 2284 sit
537 2222 577 2283 sd
598 2238 687 2284 suos:
710 2224 736 2284 si
759 2220 889 2284 mundus
911 2241 968 2283 vos
982 2222 1058 2300 odit,
1079 2224 1199 2300 soitote,

285 2308 360 2391 quod
384 2326 433 2367 me
455 2306 589 2387 priorem
612 2305 703 2367 vobis
725 2304 799 2367 odio
821 2304 943 2384 habuit,
973 2306 999 2365 si
1022 2304 1061 2365 de
1084 2304 1199 2367 mundo

283 2394 396 2470 essetis,
419 2388 647 2468 mundusquod
668 2409 757 2450 suum
780 2395 828 2450 est
850 2388 1001 2470 diligeret,
1024 2402 1106 2450 nune
1128 2389 1201 2468 quis

281 2477 317 2538 de
337 2473 453 2534 muudo
476 2492 539 2533 nou
558 2473 644 2549 estis,
666 2471 722 2532 sed
744 2491 803 2551 ego
828 2472 909 2552 elegi
931 2491 988 2534 vos
1010 2471 1050 2532 de
1072 2472 1197 2548 mundo,

280 2560 392 2621 ideireo
415 2555 484 2617 odit
506 2574 562 2616 vos
585 2552 725 2618 mundus.
768 2555 864 2634 lgitur
885 2555 1077 2616 verissimum
1091 2574 1197 2634 speon·

258 2656 260 2659 ’
282 2645 340 2703 lum
360 2641 413 2700 hio
434 2637 541 2716 hebes,
564 2636 636 2716 quid
658 2638 698 2698 sit
718 2636 859 2716 mundus,
882 2647 913 2698 et
936 2638 1031 2699 multu
1052 2637 1122 2698 elie.

358 2723 437 2783 ltem
458 2719 628 2799 soiendum,
650 2719 736 2800 quod
755 2739 812 2800 per
833 2727 931 2781 totum
948 2721 1059 2780 Christi
1080 2719 1197 2800 passio·

281 2826 347 2870 uem
370 2811 516 2885 oporteat
536 2801 698 2864 attendere
717 2804 749 2862 iil
772 2801 941 2881 Christum,
969 2803 1049 2862 sieut
1076 2803 1198 2883 ipsein

281 2911 337 2952 nos
352 2906 487 2966 semper,
505 2892 537 2945 et
549 2885 632 2965 quod
645 2904 800 2964 nunquam
814 2886 874 2945 illis
887 2886 928 2945 sit
938 2885 1123 2966 indignetus,
1146 2887 1198 2964 qui

281 2992 348 3034 eum
362 2969 580 3049 sdspexemnt,
603 2967 657 3029 sed
671 2987 793 3048 semper
815 2967 927 3028 exinde
951 2987 1007 3047 pro
1029 2969 1074 3028 eis
1089 2967 1196 3038 doluit,

281 3063 312 3116 et
333 3054 383 3114 ubi
406 3052 493 3113 loeus
516 3051 587 3128 fuit,
614 3069 741 3112 movere
768 3058 800 3111 et
826 3069 936 3110 cavere
958 3051 1064 3112 voluit.
1107 3049 1197 3125 Quod

282 3143 365 3220 putet
386 3155 425 3195 ex
447 3153 497 3211 eo,
520 3133 603 3212 quod
624 3135 735 3213 primo,
757 3134 784 3193 si
806 3131 861 3213 pr'o
885 3135 929 3193 eis
952 3153 1015 3194 non
1038 3133 1198 3211 doluisset,

284 3239 339 3281 nee
359 3237 414 3298 pro
437 3215 527 3278 nobis
550 3215 634 3295 uilis,
665 3236 737 3278 nem
762 3216 806 3277 illi
836 3215 957 3277 fuerunt
980 3217 1108 3278 ministri
1128 3236 1198 3297 peo-
1234 3281 1244 3295 ¹

283 3310 417 3364 notorum
428 3299 589 3377 melorum,
611 3307 642 3359 et
662 3300 688 3359 si
709 3305 839 3379 peeoete
861 3306 966 3360 nostre
987 3299 1199 3377 uoniuissent,

283 3405 344 3448 non
364 3382 402 3446 eb
421 3382 484 3444 illis
507 3401 616 3462 passus
636 3381 753 3444 fuisset.
797 3381 951 3459 Seouudo,
971 3383 1043 3460 quis
1058 3383 1089 3442 in
1108 3399 1199 3442 erues

285 3487 339 3551 pro
370 3467 414 3527 eis
449 3466 565 3526 orevit:
605 3463 724 3524 dimitte
756 3463 815 3524 illis
843 3467 901 3525 eto'.
951 3463 1036 3525 Siout
1062 3464 1126 3526 des.
1158 3467 1197 3527 52

286 3549 468 3633 presdiotum
497 3555 560 3608 est:
590 3555 621 3608 et
647 3566 703 3628 pro
726 3546 1002 3628 transgressoribus
1024 3547 1138 3625 orevit,
1166 3554 1200 3606 ut

286 3654 344 3695 non
365 3632 509 3713 perirent,
547 3630 652 3690 Tertio
675 3629 713 3690 ud
735 3629 797 3690 hoo
818 3631 917 3690 etiem-
931 3628 992 3691 illis
1014 3628 1124 3690 obtulit
1142 3648 1197 3709 pro

287 3717 384 3778 enims
411 3712 527 3775 tamdiu
559 3713 774 3774 remissionem
802 3719 1015 3793 peecatorum,
1043 3730 1097 3790 per
1117 3730 1198 3790 epo·

288 3789 430 3861 stolorum
446 3796 646 3872 ministerium
659 3794 777 3857 fseiens
793 3793 968 3874 praedicte:
991 3793 1018 3853 si
1039 3794 1120 3854 enim
1143 3813 1198 3854 eos

288 3882 459 3944 adversatus
480 3878 600 3940 odisset
620 3879 651 3938 in
674 3879 831 3958 passione,
853 3894 916 3936 uon
936 3881 1049 3955 postes
1067 3896 1122 3938 eos
1139 3877 1198 3936 ssl-

288 3985 353 4028 vsre
365 3961 804 4047 leborussstinepostolorum
812 3957 1053 4039 praedieatione.
1071 3957 1199 4040 Qusrto,

309 4100 395 4144 turned
409 4109 462 4151 opp.
475 4097 503 4141 V.
516 4095 544 4138 A.
558 4095 587 4138 sd
599 4095 641 4139 tsi.
654 4096 704 4141 hus
718 4096 733 4136 l.
747 4107 770 4148 p·
783 4095 827 4140 Vol
839 4095 857 4136 1.
951 4097 990 4162 15
