<?xml version="1.0" encoding="UTF-8"?>
<!DOCTYPE html PUBLIC "-//W3C//DTD XHTML 1.0 Transitional//EN"
    "http://www.w3.org/TR/xhtml1/DTD/xhtml1-transitional.dtd">
<html xmlns="http://www.w3.org/1999/xhtml" xml:lang="en" lang="en">
 <head>
  <title>
</title>
<meta http-equiv="Content-Type" content="text/html;charset=utf-8" />
  <meta name='ocr-system' content='tesseract 3.04.00' />
  <meta name='ocr-capabilities' content='ocr_page ocr_carea ocr_par ocr_line ocrx_word'/>
</head>
<body>
  <div class='ocr_page' id='page_1' title='image "./operalatinavari01schmgoog_0017.png"; bbox 0 0 3075 4750; ppageno 0'>
   <div class='ocr_carea' id='block_1_1' title="bbox 604 426 1255 524">
    <p class='ocr_par' dir='ltr' id='par_1_1' title="bbox 604 426 1255 524">
     <span class='ocr_line' id='line_1_1' title="bbox 604 426 1255 524; baseline -0.008 -8"><span class='ocrx_word' id='word_1_1' title='bbox 604 463 711 516; x_wconf 72' lang='grc' dir='ltr'>ιιιιοιιι</span> <span class='ocrx_word' id='word_1_2' title='bbox 730 426 889 516; x_wconf 67' lang='lat' dir='ltr'>sueones,</span> <span class='ocrx_word' id='word_1_3' title='bbox 1166 454 1205 524; x_wconf 45' lang='lat' dir='ltr'>‘o</span> <span class='ocrx_word' id='word_1_4' title='bbox 1252 435 1255 440; x_wconf 79' lang='grc'><strong>’</strong></span> 
     </span>
    </p>
   </div>
   <div class='ocr_carea' id='block_1_2' title="bbox 284 624 1208 1210">
    <p class='ocr_par' dir='ltr' id='par_1_2' title="bbox 284 624 1204 876">
     <span class='ocr_line' id='line_1_2' title="bbox 284 624 1204 713; baseline -0.001 -21"><span class='ocrx_word' id='word_1_5' title='bbox 284 630 460 694; x_wconf 78' lang='lat' dir='ltr'>difficilibus</span> <span class='ocrx_word' id='word_1_6' title='bbox 483 631 628 713; x_wconf 80' lang='lat' dir='ltr'>operibus</span> <span class='ocrx_word' id='word_1_7' title='bbox 649 624 863 693; x_wconf 67' lang='lat' dir='ltr'>remissionem</span> <span class='ocrx_word' id='word_1_8' title='bbox 884 635 1096 710; x_wconf 66' lang='lat' dir='ltr'>peccatorum</span> <span class='ocrx_word' id='word_1_9' title='bbox 1110 637 1143 690; x_wconf 86' lang='lat' dir='ltr'>et</span> <span class='ocrx_word' id='word_1_10' title='bbox 1162 633 1204 691; x_wconf 72' lang='lat' dir='ltr'>vu</span> 
     </span>
     <span class='ocr_line' id='line_1_3' title="bbox 285 713 1205 839; baseline 0.001 -65"><span class='ocrx_word' id='word_1_11' title='bbox 285 721 344 774; x_wconf 81' lang='lat' dir='ltr'>tem</span> <span class='ocrx_word' id='word_1_12' title='bbox 357 721 530 796; x_wconf 73' lang='lat' dir='ltr'>oeternum,</span> <span class='ocrx_word' id='word_1_13' title='bbox 554 731 614 795; x_wconf 84' lang='lat' dir='ltr'>que</span> <span class='ocrx_word' id='word_1_14' title='bbox 635 717 709 775; x_wconf 89' lang='lat' dir='ltr'>nihil</span> <span class='ocrx_word' id='word_1_15' title='bbox 721 714 840 776; x_wconf 82' lang='lat' dir='ltr'>bestius</span> <span class='ocrx_word' id='word_1_16' title='bbox 853 713 981 794; x_wconf 74' lang='lat' dir='ltr'>cogitari</span> <span class='ocrx_word' id='word_1_17' title='bbox 997 719 1110 839; x_wconf 88' lang='lat' dir='ltr'>potest,</span> <span class='ocrx_word' id='word_1_18' title='bbox 1134 730 1205 775; x_wconf 82' lang='lat' dir='ltr'>eon·</span> 
     </span>
     <span class='ocr_line' id='line_1_4' title="bbox 285 806 496 876; baseline -0.005 -17"><span class='ocrx_word' id='word_1_19' title='bbox 285 806 496 876; x_wconf 71' lang='lat' dir='ltr'>sequerentur.</span> 
     </span>
    </p>

    <p class='ocr_par' dir='ltr' id='par_1_3' title="bbox 286 879 1208 1210">
     <span class='ocr_line' id='line_1_5' title="bbox 366 879 1206 958; baseline -0.004 -17"><span class='ocrx_word' id='word_1_20' title='bbox 366 881 428 942; x_wconf 78' lang='lat' dir='ltr'>sed</span> <span class='ocrx_word' id='word_1_21' title='bbox 443 881 647 942; x_wconf 83' lang='lat' dir='ltr'>Reverendus</span> <span class='ocrx_word' id='word_1_22' title='bbox 667 881 722 958; x_wconf 85' lang='lat' dir='ltr'>vir,</span> <span class='ocrx_word' id='word_1_23' title='bbox 745 882 864 942; x_wconf 85' lang='lat' dir='ltr'>Dootor</span> <span class='ocrx_word' id='word_1_24' title='bbox 876 879 1034 957; x_wconf 82' lang='lat' dir='ltr'>Lutherus,</span> <span class='ocrx_word' id='word_1_25' title='bbox 1057 894 1206 938; x_wconf 80' lang='lat' dir='ltr'>aecensus</span> 
     </span>
     <span class='ocr_line' id='line_1_6' title="bbox 287 961 1207 1041; baseline -0.002 -19"><span class='ocrx_word' id='word_1_26' title='bbox 287 963 393 1024; x_wconf 79' lang='lat' dir='ltr'><strong>divinit</strong></span> <span class='ocrx_word' id='word_1_27' title='bbox 381 973 431 1024; x_wconf 86' lang='lat' dir='ltr'>tus</span> <span class='ocrx_word' id='word_1_28' title='bbox 455 961 624 1038; x_wconf 69' lang='lat' dir='ltr'>docuinam</span> <span class='ocrx_word' id='word_1_29' title='bbox 648 964 840 1041; x_wconf 75' lang='lat' dir='ltr'>emendavit,</span> <span class='ocrx_word' id='word_1_30' title='bbox 868 969 902 1021; x_wconf 89' lang='lat' dir='ltr'>&#39;et</span> <span class='ocrx_word' id='word_1_31' title='bbox 923 963 1083 1022; x_wconf 75' lang='lat' dir='ltr'>revocavit</span> <span class='ocrx_word' id='word_1_32' title='bbox 1110 961 1207 1021; x_wconf 82' lang='lat' dir='ltr'>eccie-</span> 
     </span>
     <span class='ocr_line' id='line_1_7' title="bbox 287 1045 1208 1126; baseline -0.004 -20"><span class='ocrx_word' id='word_1_33' title='bbox 287 1049 361 1106; x_wconf 87' lang='lat' dir='ltr'>sicm</span> <span class='ocrx_word' id='word_1_34' title='bbox 391 1047 432 1107; x_wconf 86' lang='lat' dir='ltr'>sd</span> <span class='ocrx_word' id='word_1_35' title='bbox 459 1049 577 1124; x_wconf 87' lang='lat' dir='ltr'>fontes,</span> <span class='ocrx_word' id='word_1_36' title='bbox 607 1045 743 1106; x_wconf 78' lang='lat' dir='ltr'>ostendit</span> <span class='ocrx_word' id='word_1_37' title='bbox 762 1047 885 1126; x_wconf 85' lang='lat' dir='ltr'>plenem</span> <span class='ocrx_word' id='word_1_38' title='bbox 916 1062 984 1104; x_wconf 88' lang='lat' dir='ltr'>esse</span> <span class='ocrx_word' id='word_1_39' title='bbox 1013 1059 1149 1104; x_wconf 83' lang='lat' dir='ltr'>errorum</span> <span class='ocrx_word' id='word_1_40' title='bbox 1176 1051 1208 1103; x_wconf 86' lang='lat' dir='ltr'>et</span> 
     </span>
     <span class='ocr_line' id='line_1_8' title="bbox 286 1127 1207 1210; baseline -0.004 -21"><span class='ocrx_word' id='word_1_41' title='bbox 286 1131 460 1210; x_wconf 83' lang='lat' dir='ltr'>hypocrisis</span> <span class='ocrx_word' id='word_1_42' title='bbox 492 1131 687 1210; x_wconf 83' lang='lat' dir='ltr'>opinionem,</span> <span class='ocrx_word' id='word_1_43' title='bbox 721 1149 801 1208; x_wconf 82' lang='lat' dir='ltr'>quse</span> <span class='ocrx_word' id='word_1_44' title='bbox 820 1127 916 1207; x_wconf 81' lang='lat' dir='ltr'>&#39;fingit</span> <span class='ocrx_word' id='word_1_45' title='bbox 935 1128 1076 1187; x_wconf 88' lang='lat' dir='ltr'>homines</span> <span class='ocrx_word' id='word_1_46' title='bbox 1102 1140 1207 1188; x_wconf 79' lang='lat' dir='ltr'>corum</span> 
     </span>
    </p>
   </div>
   <div class='ocr_carea' id='block_1_3' title="bbox 286 1210 1328 1293">
    <p class='ocr_par' dir='ltr' id='par_1_4' title="bbox 286 1210 1328 1293">
     <span class='ocr_line' id='line_1_9' title="bbox 286 1210 1328 1293; baseline -0.002 -21"><span class='ocrx_word' id='word_1_47' title='bbox 286 1214 352 1273; x_wconf 91' lang='lat' dir='ltr'>Deo</span> <span class='ocrx_word' id='word_1_48' title='bbox 376 1215 477 1274; x_wconf 86' lang='lat' dir='ltr'>iustos</span> <span class='ocrx_word' id='word_1_49' title='bbox 500 1231 570 1272; x_wconf 89' lang='lat' dir='ltr'>esse</span> <span class='ocrx_word' id='word_1_50' title='bbox 592 1218 719 1293; x_wconf 87' lang='lat' dir='ltr'>propter</span> <span class='ocrx_word' id='word_1_51' title='bbox 740 1212 866 1292; x_wconf 83' lang='lat' dir='ltr'>proprio</span> <span class='ocrx_word' id='word_1_52' title='bbox 893 1211 1049 1287; x_wconf 70' lang='lat' dir='ltr'>exercitio,</span> <span class='ocrx_word' id='word_1_53' title='bbox 1070 1212 1207 1287; x_wconf 83' lang='lat' dir='ltr'>virtutes,</span> <span class='ocrx_word' id='word_1_54' title='bbox 1251 1279 1261 1287; x_wconf 25' lang='lat'><em>⁶</em></span> <span class='ocrx_word' id='word_1_55' title='bbox 1322 1210 1328 1224; x_wconf 83' lang='lat'><em>&#39;</em></span> 
     </span>
    </p>
   </div>
   <div class='ocr_carea' id='block_1_4' title="bbox 237 1294 1275 4030">
    <p class='ocr_par' dir='ltr' id='par_1_5' title="bbox 237 1294 1217 2783">
     <span class='ocr_line' id='line_1_10' title="bbox 287 1294 1207 1374; baseline -0.005 -19"><span class='ocrx_word' id='word_1_56' title='bbox 287 1296 402 1374; x_wconf 90' lang='lat' dir='ltr'>cultus,</span> <span class='ocrx_word' id='word_1_57' title='bbox 442 1295 646 1374; x_wconf 73' lang='lat' dir='ltr'>disciplinam.</span> <span class='ocrx_word' id='word_1_58' title='bbox 698 1295 839 1373; x_wconf 87' lang='lat' dir='ltr'>Denique</span> <span class='ocrx_word' id='word_1_59' title='bbox 872 1294 1055 1355; x_wconf 80' lang='lat' dir='ltr'>monstravit</span> <span class='ocrx_word' id='word_1_60' title='bbox 1085 1294 1207 1352; x_wconf 88' lang='lat' dir='ltr'>unicsm</span> 
     </span>
     <span class='ocr_line' id='line_1_11' title="bbox 288 1377 1208 1458; baseline -0.005 -20"><span class='ocrx_word' id='word_1_61' title='bbox 288 1379 367 1438; x_wconf 83' lang='lat' dir='ltr'>viem</span> <span class='ocrx_word' id='word_1_62' title='bbox 392 1385 424 1438; x_wconf 90' lang='lat' dir='ltr'>et</span> <span class='ocrx_word' id='word_1_63' title='bbox 447 1387 570 1458; x_wconf 90' lang='lat' dir='ltr'>portum</span> <span class='ocrx_word' id='word_1_64' title='bbox 592 1377 712 1455; x_wconf 79' lang='lat' dir='ltr'>salutis,</span> <span class='ocrx_word' id='word_1_65' title='bbox 734 1377 983 1453; x_wconf 81' lang='lat' dir='ltr'>fidenr&#39;seilioet,</span> <span class='ocrx_word' id='word_1_66' title='bbox 1010 1378 1208 1456; x_wconf 70' lang='lat' dir='ltr'>acquiescen-</span> 
     </span>
     <span class='ocr_line' id='line_1_12' title="bbox 288 1458 1208 1540; baseline -0.003 -19"><span class='ocrx_word' id='word_1_67' title='bbox 288 1468 349 1521; x_wconf 90' lang='lat' dir='ltr'>tem</span> <span class='ocrx_word' id='word_1_68' title='bbox 370 1463 403 1520; x_wconf 94' lang='lat' dir='ltr'>in</span> <span class='ocrx_word' id='word_1_69' title='bbox 427 1461 497 1522; x_wconf 84' lang='lat' dir='ltr'>solo</span> <span class='ocrx_word' id='word_1_70' title='bbox 510 1460 690 1540; x_wconf 75' lang='lat' dir='ltr'>mediatore,</span> <span class='ocrx_word' id='word_1_71' title='bbox 712 1461 847 1522; x_wconf 90' lang='lat' dir='ltr'>Domino</span> <span class='ocrx_word' id='word_1_72' title='bbox 861 1466 968 1519; x_wconf 83' lang='lat' dir='ltr'>nostro</span> <span class='ocrx_word' id='word_1_73' title='bbox 990 1458 1208 1535; x_wconf 81' lang='lat' dir='ltr'>desuGhristo,</span> 
     </span>
     <span class='ocr_line' id='line_1_13' title="bbox 287 1541 1209 1624; baseline -0.004 -19"><span class='ocrx_word' id='word_1_74' title='bbox 287 1563 458 1624; x_wconf 87' lang='lat' dir='ltr'>perquem</span> <span class='ocrx_word' id='word_1_75' title='bbox 481 1546 548 1603; x_wconf 90' lang='lat' dir='ltr'>sine</span> <span class='ocrx_word' id='word_1_76' title='bbox 578 1544 720 1604; x_wconf 87' lang='lat' dir='ltr'>omnibus</span> <span class='ocrx_word' id='word_1_77' title='bbox 742 1541 887 1623; x_wconf 77' lang='lat' dir='ltr'>operibus</span> <span class='ocrx_word' id='word_1_78' title='bbox 914 1560 978 1600; x_wconf 92' lang='lat' dir='ltr'>non</span> <span class='ocrx_word' id='word_1_79' title='bbox 994 1541 1094 1602; x_wconf 88' lang='lat' dir='ltr'>modo</span> <span class='ocrx_word' id='word_1_80' title='bbox 1118 1543 1209 1602; x_wconf 86' lang='lat' dir='ltr'>tredi-</span> 
     </span>
     <span class='ocr_line' id='line_1_14' title="bbox 237 1625 1208 1703; baseline -0.003 -16"><span class='ocrx_word' id='word_1_81' title='bbox 237 1657 243 1666; x_wconf 87' lang='lat'><em>·</em></span> <span class='ocrx_word' id='word_1_82' title='bbox 288 1628 407 1687; x_wconf 79' lang='lat' dir='ltr'>honum</span> <span class='ocrx_word' id='word_1_83' title='bbox 431 1626 642 1702; x_wconf 79' lang='lat' dir='ltr'>humenernm,</span> <span class='ocrx_word' id='word_1_84' title='bbox 663 1626 717 1686; x_wconf 89' lang='lat' dir='ltr'>sed</span> <span class='ocrx_word' id='word_1_85' title='bbox 728 1628 766 1686; x_wconf 88' lang='lat' dir='ltr'>iis</span> <span class='ocrx_word' id='word_1_86' title='bbox 789 1626 892 1702; x_wconf 82' lang='lat' dir='ltr'>etium,</span> <span class='ocrx_word' id='word_1_87' title='bbox 914 1641 995 1703; x_wconf 83' lang='lat' dir='ltr'>quoe</span> <span class='ocrx_word' id='word_1_88' title='bbox 1015 1625 1208 1684; x_wconf 84' lang='lat' dir='ltr'>sDeomen·</span> 
     </span>
     <span class='ocr_line' id='line_1_15' title="bbox 282 1707 1209 1788; baseline -0.002 -19"><span class='ocrx_word' id='word_1_89' title='bbox 282 1709 466 1788; x_wconf 67' lang='lat' dir='ltr'>dixissent,</span> <span class='ocrx_word' id='word_1_90' title='bbox 488 1711 569 1770; x_wconf 80' lang='lat' dir='ltr'>vitae</span> <span class='ocrx_word' id='word_1_91' title='bbox 591 1715 736 1770; x_wconf 78' lang='lat' dir='ltr'>aeternae</span> <span class='ocrx_word' id='word_1_92' title='bbox 747 1709 971 1769; x_wconf 88' lang='lat' dir='ltr'>restitutionem</span> <span class='ocrx_word' id='word_1_93' title='bbox 983 1707 1209 1786; x_wconf 76' lang='lat' dir='ltr'>consequimur,</span> 
     </span>
     <span class='ocr_line' id='line_1_16' title="bbox 289 1789 1209 1852; baseline -0.002 0"><span class='ocrx_word' id='word_1_94' title='bbox 289 1793 368 1852; x_wconf 90' lang='lat' dir='ltr'>sicut</span> <span class='ocrx_word' id='word_1_95' title='bbox 396 1791 478 1852; x_wconf 83' lang='lat' dir='ltr'>iilius</span> <span class='ocrx_word' id='word_1_96' title='bbox 499 1793 557 1852; x_wconf 90' lang='lat' dir='ltr'>Dei</span> <span class='ocrx_word' id='word_1_97' title='bbox 578 1793 728 1852; x_wconf 91' lang='lat' dir='ltr'>Dominus</span> <span class='ocrx_word' id='word_1_98' title='bbox 756 1797 863 1851; x_wconf 87' lang='lat' dir='ltr'>noster</span> <span class='ocrx_word' id='word_1_99' title='bbox 883 1791 973 1850; x_wconf 84' lang='lat' dir='ltr'>deses</span> <span class='ocrx_word' id='word_1_100' title='bbox 1001 1789 1139 1850; x_wconf 78' lang='lat' dir='ltr'>Christus</span> <span class='ocrx_word' id='word_1_101' title='bbox 1165 1796 1209 1850; x_wconf 93' lang='lat' dir='ltr'>te·</span> 
     </span>
     <span class='ocr_line' id='line_1_17' title="bbox 289 1873 1210 1970; baseline -0.003 -35"><span class='ocrx_word' id='word_1_102' title='bbox 289 1883 396 1952; x_wconf 82' lang='lat' dir='ltr'>stetur,</span> <span class='ocrx_word' id='word_1_103' title='bbox 420 1893 572 1954; x_wconf 83' lang='lat' dir='ltr'>inquiens,</span> <span class='ocrx_word' id='word_1_104' title='bbox 584 1873 652 1954; x_wconf 81' lang='lat' dir='ltr'>Ego</span> <span class='ocrx_word' id='word_1_105' title='bbox 668 1893 734 1936; x_wconf 84' lang='lat' dir='ltr'>sum</span> <span class='ocrx_word' id='word_1_106' title='bbox 747 1875 815 1970; x_wconf 77' lang='lat' dir='ltr'>Vip,</span> <span class='ocrx_word' id='word_1_107' title='bbox 828 1873 951 1934; x_wconf 83' lang='lat' dir='ltr'>Veritus</span> <span class='ocrx_word' id='word_1_108' title='bbox 964 1880 996 1933; x_wconf 87' lang='lat' dir='ltr'>et</span> <span class='ocrx_word' id='word_1_109' title='bbox 1008 1874 1087 1933; x_wconf 76' lang='lat' dir='ltr'>vnn</span> <span class='ocrx_word' id='word_1_110' title='bbox 1122 1873 1210 1932; x_wconf 81' lang='lat' dir='ltr'>Hanc</span> 
     </span>
     <span class='ocr_line' id='line_1_18' title="bbox 288 1955 1210 2054; baseline -0.004 -36"><span class='ocrx_word' id='word_1_111' title='bbox 288 1966 407 2018; x_wconf 78' lang='lat' dir='ltr'>scetem</span> <span class='ocrx_word' id='word_1_112' title='bbox 430 1963 461 2017; x_wconf 87' lang='lat' dir='ltr'>et</span> <span class='ocrx_word' id='word_1_113' title='bbox 482 1955 742 2054; x_wconf 77' lang='lat' dir='ltr'>compendiariam</span> <span class='ocrx_word' id='word_1_114' title='bbox 765 1958 856 2033; x_wconf 79' lang='lat' dir='ltr'>vienn,</span> <span class='ocrx_word' id='word_1_115' title='bbox 879 1956 1041 2017; x_wconf 88' lang='lat' dir='ltr'>ducentem</span> <span class='ocrx_word' id='word_1_116' title='bbox 1060 1955 1100 2016; x_wconf 83' lang='lat' dir='ltr'>ud</span> <span class='ocrx_word' id='word_1_117' title='bbox 1114 1961 1210 2016; x_wconf 80' lang='lat' dir='ltr'>eeter-</span> 
     </span>
     <span class='ocr_line' id='line_1_19' title="bbox 290 2037 1211 2119; baseline -0.003 -19"><span class='ocrx_word' id='word_1_118' title='bbox 290 2061 362 2101; x_wconf 86' lang='lat' dir='ltr'>ncm</span> <span class='ocrx_word' id='word_1_119' title='bbox 385 2059 454 2100; x_wconf 90' lang='lat' dir='ltr'>cum</span> <span class='ocrx_word' id='word_1_120' title='bbox 476 2041 543 2101; x_wconf 89' lang='lat' dir='ltr'>Deo</span> <span class='ocrx_word' id='word_1_121' title='bbox 567 2042 766 2115; x_wconf 79' lang='lat' dir='ltr'>societatem,</span> <span class='ocrx_word' id='word_1_122' title='bbox 785 2041 905 2119; x_wconf 86' lang='lat' dir='ltr'>scriptis</span> <span class='ocrx_word' id='word_1_123' title='bbox 927 2041 989 2099; x_wconf 83' lang='lat' dir='ltr'>suis</span> <span class='ocrx_word' id='word_1_124' title='bbox 1010 2037 1211 2100; x_wconf 75' lang='lat' dir='ltr'>Reverendus&#39;</span> 
     </span>
     <span class='ocr_line' id='line_1_20' title="bbox 290 2122 1210 2203; baseline -0.003 -20"><span class='ocrx_word' id='word_1_125' title='bbox 290 2126 336 2184; x_wconf 84' lang='lat' dir='ltr'>vir</span> <span class='ocrx_word' id='word_1_126' title='bbox 357 2123 636 2184; x_wconf 88' lang='lat' dir='ltr'>DoctorLutherus</span> <span class='ocrx_word' id='word_1_127' title='bbox 659 2125 780 2203; x_wconf 85' lang='lat' dir='ltr'>spernit</span> <span class='ocrx_word' id='word_1_128' title='bbox 798 2130 831 2182; x_wconf 92' lang='lat' dir='ltr'>et</span> <span class='ocrx_word' id='word_1_129' title='bbox 851 2122 1004 2203; x_wconf 75' lang='lat' dir='ltr'>patefecit,</span> <span class='ocrx_word' id='word_1_130' title='bbox 1027 2124 1111 2182; x_wconf 91' lang='lat' dir='ltr'>omni</span> <span class='ocrx_word' id='word_1_131' title='bbox 1127 2139 1210 2182; x_wconf 82' lang='lat' dir='ltr'>esse-</span> 
     </span>
     <span class='ocr_line' id='line_1_21' title="bbox 290 2205 1211 2287; baseline -0.003 -19"><span class='ocrx_word' id='word_1_132' title='bbox 290 2208 453 2268; x_wconf 87' lang='lat' dir='ltr'>veretione</span> <span class='ocrx_word' id='word_1_133' title='bbox 465 2206 660 2284; x_wconf 79' lang='lat' dir='ltr'>confirmans,</span> <span class='ocrx_word' id='word_1_134' title='bbox 682 2225 745 2266; x_wconf 90' lang='lat' dir='ltr'>nou</span> <span class='ocrx_word' id='word_1_135' title='bbox 759 2225 828 2267; x_wconf 87' lang='lat' dir='ltr'>esse</span> <span class='ocrx_word' id='word_1_136' title='bbox 840 2205 931 2287; x_wconf 79' lang='lat' dir='ltr'>elium</span> <span class='ocrx_word' id='word_1_137' title='bbox 954 2206 1097 2285; x_wconf 84' lang='lat' dir='ltr'>usquein</span> <span class='ocrx_word' id='word_1_138' title='bbox 1120 2205 1211 2265; x_wconf 85' lang='lat' dir='ltr'>coelo</span> 
     </span>
     <span class='ocr_line' id='line_1_22' title="bbox 292 2279 1212 2368; baseline -0.003 -18"><span class='ocrx_word' id='word_1_139' title='bbox 292 2307 395 2368; x_wconf 86' lang='lat' dir='ltr'>neque</span> <span class='ocrx_word' id='word_1_140' title='bbox 419 2290 449 2348; x_wconf 93' lang='lat' dir='ltr'>in</span> <span class='ocrx_word' id='word_1_141' title='bbox 473 2297 566 2368; x_wconf 82' lang='lat' dir='ltr'>terre,</span> <span class='ocrx_word' id='word_1_142' title='bbox 588 2307 644 2368; x_wconf 90' lang='lat' dir='ltr'>per</span> <span class='ocrx_word' id='word_1_143' title='bbox 665 2307 756 2368; x_wconf 84' lang='lat' dir='ltr'>quam</span> <span class='ocrx_word' id='word_1_144' title='bbox 779 2289 818 2348; x_wconf 81' lang='lat' dir='ltr'>ad</span> <span class='ocrx_word' id='word_1_145' title='bbox 839 2307 889 2348; x_wconf 82' lang='lat' dir='ltr'>me</span> <span class='ocrx_word' id='word_1_146' title='bbox 890 2279 952 2348; x_wconf 74' lang='lat' dir='ltr'>tem</span> <span class='ocrx_word' id='word_1_147' title='bbox 975 2295 1120 2349; x_wconf 74' lang='lat' dir='ltr'>aeternae</span> <span class='ocrx_word' id='word_1_148' title='bbox 1142 2287 1212 2348; x_wconf 78' lang='lat' dir='ltr'>bee-</span> 
     </span>
     <span class='ocr_line' id='line_1_23' title="bbox 291 2364 1215 2450; baseline -0.003 -17"><span class='ocrx_word' id='word_1_149' title='bbox 291 2371 430 2433; x_wconf 88' lang='lat' dir='ltr'>titudinis</span> <span class='ocrx_word' id='word_1_150' title='bbox 464 2381 549 2433; x_wconf 89' lang='lat' dir='ltr'>reoto</span> <span class='ocrx_word' id='word_1_151' title='bbox 584 2390 673 2433; x_wconf 87' lang='lat' dir='ltr'>cursu</span> <span class='ocrx_word' id='word_1_152' title='bbox 708 2371 914 2433; x_wconf 76' lang='lat' dir='ltr'>contendere</span> <span class='ocrx_word' id='word_1_153' title='bbox 929 2364 1092 2450; x_wconf 85' lang='lat' dir='ltr'>possimus.</span> <span class='ocrx_word' id='word_1_154' title='bbox 1133 2371 1215 2431; x_wconf 83' lang='lat' dir='ltr'>Non</span> 
     </span>
     <span class='ocr_line' id='line_1_24' title="bbox 292 2451 1212 2597; baseline -0.008 -80"><span class='ocrx_word' id='word_1_155' title='bbox 292 2458 379 2517; x_wconf 86' lang='lat' dir='ltr'>eninr</span> <span class='ocrx_word' id='word_1_156' title='bbox 397 2455 592 2517; x_wconf 85' lang='lat' dir='ltr'>dubinmt</span> <span class='ocrx_word' id='word_1_157' title='bbox 544 2463 600 2532; x_wconf 90' lang='lat' dir='ltr'>est,</span> <span class='ocrx_word' id='word_1_158' title='bbox 624 2457 706 2597; x_wconf 81' lang='lat' dir='ltr'>quint</span> <span class='ocrx_word' id='word_1_159' title='bbox 714 2455 824 2561; x_wconf 85' lang='lat' dir='ltr'>eodem</span> <span class='ocrx_word' id='word_1_160' title='bbox 848 2451 953 2529; x_wconf 87' lang='lat' dir='ltr'>modo,</span> <span class='ocrx_word' id='word_1_161' title='bbox 974 2454 1078 2531; x_wconf 84' lang='lat' dir='ltr'>idest,</span> <span class='ocrx_word' id='word_1_162' title='bbox 1100 2452 1212 2511; x_wconf 83' lang='lat' dir='ltr'>fiducie</span> 
     </span>
     <span class='ocr_line' id='line_1_25' title="bbox 293 2536 1216 2615; baseline -0.007 -16"><span class='ocrx_word' id='word_1_163' title='bbox 293 2538 472 2599; x_wconf 82' lang='lat' dir='ltr'>mediatoris</span> <span class='ocrx_word' id='word_1_164' title='bbox 504 2539 612 2598; x_wconf 85' lang='lat' dir='ltr'>selveti</span> <span class='ocrx_word' id='word_1_165' title='bbox 645 2540 706 2598; x_wconf 90' lang='lat' dir='ltr'>sint</span> <span class='ocrx_word' id='word_1_166' title='bbox 740 2537 970 2612; x_wconf 83' lang='lat' dir='ltr'>etselventur</span> <span class='ocrx_word' id='word_1_167' title='bbox 1004 2538 1060 2615; x_wconf 91' lang='lat' dir='ltr'>qui</span> <span class='ocrx_word' id='word_1_168' title='bbox 1079 2536 1216 2612; x_wconf 83' lang='lat' dir='ltr'>inerunt,-</span> 
     </span>
     <span class='ocr_line' id='line_1_26' title="bbox 292 2617 1217 2681; baseline -0.005 0"><span class='ocrx_word' id='word_1_169' title='bbox 292 2627 365 2681; x_wconf 88' lang='lat' dir='ltr'>sunt</span> <span class='ocrx_word' id='word_1_170' title='bbox 393 2629 425 2681; x_wconf 90' lang='lat' dir='ltr'>et</span> <span class='ocrx_word' id='word_1_171' title='bbox 451 2628 540 2681; x_wconf 87' lang='lat' dir='ltr'>erunt</span> <span class='ocrx_word' id='word_1_172' title='bbox 574 2636 647 2681; x_wconf 85' lang='lat' dir='ltr'>vere</span> <span class='ocrx_word' id='word_1_173' title='bbox 683 2622 836 2681; x_wconf 77' lang='lat' dir='ltr'>ecelesiae</span> <span class='ocrx_word' id='word_1_174' title='bbox 869 2620 1022 2679; x_wconf 80' lang='lat' dir='ltr'>membre</span> <span class='ocrx_word' id='word_1_175' title='bbox 1043 2619 1082 2680; x_wconf 86' lang='lat' dir='ltr'>sb</span> <span class='ocrx_word' id='word_1_176' title='bbox 1112 2617 1217 2677; x_wconf 76' lang='lat' dir='ltr'>Adenr</span> 
     </span>
     <span class='ocr_line' id='line_1_27' title="bbox 292 2704 1207 2783; baseline -0.004 -19"><span class='ocrx_word' id='word_1_177' title='bbox 292 2722 390 2783; x_wconf 85' lang='lat' dir='ltr'>usque</span> <span class='ocrx_word' id='word_1_178' title='bbox 412 2704 450 2766; x_wconf 86' lang='lat' dir='ltr'>ed</span> <span class='ocrx_word' id='word_1_179' title='bbox 472 2706 727 2765; x_wconf 84' lang='lat' dir='ltr'>resurrectionem</span> <span class='ocrx_word' id='word_1_180' title='bbox 749 2710 950 2763; x_wconf 86' lang='lat' dir='ltr'>mortuorum</span> <span class='ocrx_word' id='word_1_181' title='bbox 1184 2710 1207 2728; x_wconf 90' lang='grc'>··</span> 
     </span>
    </p>

    <p class='ocr_par' dir='ltr' id='par_1_6' title="bbox 292 2786 1275 4030">
     <span class='ocr_line' id='line_1_28' title="bbox 376 2786 1213 2866; baseline -0.006 -19"><span class='ocrx_word' id='word_1_182' title='bbox 376 2786 496 2847; x_wconf 87' lang='lat' dir='ltr'>Deinde</span> <span class='ocrx_word' id='word_1_183' title='bbox 519 2787 661 2847; x_wconf 88' lang='lat' dir='ltr'>omnibus</span> <span class='ocrx_word' id='word_1_184' title='bbox 690 2800 870 2866; x_wconf 80' lang='lat' dir='ltr'>persuasum</span> <span class='ocrx_word' id='word_1_185' title='bbox 891 2786 962 2863; x_wconf 81' lang='lat' dir='ltr'>fuit,</span> <span class='ocrx_word' id='word_1_186' title='bbox 990 2786 1120 2845; x_wconf 77' lang='lat' dir='ltr'>idiosum</span> <span class='ocrx_word' id='word_1_187' title='bbox 1144 2802 1213 2843; x_wconf 86' lang='lat' dir='ltr'>esse</span> 
     </span>
     <span class='ocr_line' id='line_1_29' title="bbox 294 2868 1212 2950; baseline -0.007 -19"><span class='ocrx_word' id='word_1_188' title='bbox 294 2888 373 2950; x_wconf 86' lang='lat' dir='ltr'>opus</span> <span class='ocrx_word' id='word_1_189' title='bbox 396 2872 539 2930; x_wconf 87' lang='lat' dir='ltr'>eximium</span> <span class='ocrx_word' id='word_1_190' title='bbox 563 2877 594 2929; x_wconf 89' lang='lat' dir='ltr'>et</span> <span class='ocrx_word' id='word_1_191' title='bbox 616 2870 787 2950; x_wconf 80' lang='lat' dir='ltr'>singulare,</span> <span class='ocrx_word' id='word_1_192' title='bbox 811 2886 872 2947; x_wconf 91' lang='lat' dir='ltr'>quo</span> <span class='ocrx_word' id='word_1_193' title='bbox 894 2869 978 2928; x_wconf 89' lang='lat' dir='ltr'>Deus</span> <span class='ocrx_word' id='word_1_194' title='bbox 1005 2868 1154 2927; x_wconf 81' lang='lat' dir='ltr'>indiceret</span> <span class='ocrx_word' id='word_1_195' title='bbox 1179 2886 1212 2925; x_wconf 91' lang='lat' dir='ltr'>se</span> 
     </span>
     <span class='ocr_line' id='line_1_30' title="bbox 292 2951 1213 3013; baseline -0.005 0"><span class='ocrx_word' id='word_1_196' title='bbox 292 2954 414 3013; x_wconf 90' lang='lat' dir='ltr'>honore</span> <span class='ocrx_word' id='word_1_197' title='bbox 435 2952 570 3013; x_wconf 81' lang='lat' dir='ltr'>efficiet</span> <span class='ocrx_word' id='word_1_198' title='bbox 558 2954 670 3013; x_wconf 88' lang='lat' dir='ltr'>tveris</span> <span class='ocrx_word' id='word_1_199' title='bbox 692 2952 842 3013; x_wconf 83' lang='lat' dir='ltr'>leudibus</span> <span class='ocrx_word' id='word_1_200' title='bbox 846 2951 1004 3013; x_wconf 79' lang='lat' dir='ltr'>celebrer-i</span> <span class='ocrx_word' id='word_1_201' title='bbox 1043 2951 1133 3011; x_wconf 78' lang='lat' dir='ltr'>dem</span> <span class='ocrx_word' id='word_1_202' title='bbox 1138 2960 1213 3008; x_wconf 88' lang='lat' dir='ltr'>vero</span> 
     </span>
     <span class='ocr_line' id='line_1_31' title="bbox 293 3023 1218 3113; baseline -0.003 -18"><span class='ocrx_word' id='word_1_203' title='bbox 293 3038 353 3096; x_wconf 90' lang='lat' dir='ltr'>Dei</span> <span class='ocrx_word' id='word_1_204' title='bbox 375 3050 526 3095; x_wconf 85' lang='lat' dir='ltr'>concessu</span> <span class='ocrx_word' id='word_1_205' title='bbox 556 3043 587 3095; x_wconf 89' lang='lat' dir='ltr'>et</span> <span class='ocrx_word' id='word_1_206' title='bbox 608 3054 734 3095; x_wconf 85' lang='lat' dir='ltr'>munere</span> <span class='ocrx_word' id='word_1_207' title='bbox 757 3023 937 3111; x_wconf 72' lang='lat' dir='ltr'>didicimus,</span> <span class='ocrx_word' id='word_1_208' title='bbox 962 3042 994 3093; x_wconf 93' lang='lat' dir='ltr'>et</span> <span class='ocrx_word' id='word_1_209' title='bbox 1015 3033 1165 3113; x_wconf 86' lang='lat' dir='ltr'>quotidie</span> <span class='ocrx_word' id='word_1_210' title='bbox 1173 3038 1218 3091; x_wconf 80' lang='lat' dir='ltr'>ex</span> 
     </span>
     <span class='ocr_line' id='line_1_32' title="bbox 295 3116 1219 3198; baseline -0.003 -20"><span class='ocrx_word' id='word_1_211' title='bbox 295 3120 417 3198; x_wconf 87' lang='lat' dir='ltr'>scriptis</span> <span class='ocrx_word' id='word_1_212' title='bbox 439 3120 476 3179; x_wconf 94' lang='lat' dir='ltr'>D</span> <span class='ocrx_word' id='word_1_213' title='bbox 499 3118 542 3177; x_wconf 87' lang='lat' dir='ltr'>Lu</span> <span class='ocrx_word' id='word_1_214' title='bbox 544 3118 621 3178; x_wconf 90' lang='lat' dir='ltr'>theri</span> <span class='ocrx_word' id='word_1_215' title='bbox 644 3118 800 3194; x_wconf 78' lang='lat' dir='ltr'>discimus,</span> <span class='ocrx_word' id='word_1_216' title='bbox 820 3116 914 3195; x_wconf 90' lang='lat' dir='ltr'>idque</span> <span class='ocrx_word' id='word_1_217' title='bbox 935 3118 1128 3197; x_wconf 78' lang='lat' dir='ltr'>exploratum</span> <span class='ocrx_word' id='word_1_218' title='bbox 1151 3125 1219 3175; x_wconf 75' lang='lat' dir='ltr'>otu·</span> 
     </span>
     <span class='ocr_line' id='line_1_33' title="bbox 295 3199 1216 3280; baseline -0.004 -19"><span class='ocrx_word' id='word_1_219' title='bbox 295 3202 370 3261; x_wconf 90' lang='lat' dir='ltr'>nino</span> <span class='ocrx_word' id='word_1_220' title='bbox 394 3201 558 3279; x_wconf 83' lang='lat' dir='ltr'>hebemus,</span> <span class='ocrx_word' id='word_1_221' title='bbox 587 3203 712 3261; x_wconf 80' lang='lat' dir='ltr'>missem</span> <span class='ocrx_word' id='word_1_222' title='bbox 740 3202 851 3280; x_wconf 80' lang='lat' dir='ltr'>popist</span> <span class='ocrx_word' id='word_1_223' title='bbox 844 3218 923 3259; x_wconf 85' lang='lat' dir='ltr'>roem</span> <span class='ocrx_word' id='word_1_224' title='bbox 951 3217 1022 3260; x_wconf 89' lang='lat' dir='ltr'>esse</span> <span class='ocrx_word' id='word_1_225' title='bbox 1045 3199 1216 3259; x_wconf 77' lang='lat' dir='ltr'>idolum</span> <span class='ocrx_word' id='word_1_226' title='bbox 1184 3204 1216 3257; x_wconf 94' lang='lat' dir='ltr'>e</span> 
     </span>
     <span class='ocr_line' id='line_1_34' title="bbox 294 3281 1218 3360; baseline -0.004 -17"><span class='ocrx_word' id='word_1_227' title='bbox 294 3284 558 3344; x_wconf 73' lang='lat' dir='ltr'>abominationem</span> <span class='ocrx_word' id='word_1_228' title='bbox 579 3284 788 3343; x_wconf 82' lang='lat' dir='ltr'>foedissimam</span> <span class='ocrx_word' id='word_1_229' title='bbox 811 3300 850 3343; x_wconf 87' lang='lat' dir='ltr'>ec</span> <span class='ocrx_word' id='word_1_230' title='bbox 869 3284 1072 3360; x_wconf 81' lang='lat' dir='ltr'>teterrimum,</span> <span class='ocrx_word' id='word_1_231' title='bbox 1100 3282 1139 3341; x_wconf 84' lang='lat' dir='ltr'>eb</span> <span class='ocrx_word' id='word_1_232' title='bbox 1161 3281 1218 3340; x_wconf 74' lang='grc' dir='ltr'>ιιι)-Ι</span> 
     </span>
     <span class='ocr_line' id='line_1_35' title="bbox 295 3365 1213 3447; baseline -0.006 -21"><span class='ocrx_word' id='word_1_233' title='bbox 295 3366 457 3427; x_wconf 86' lang='lat' dir='ltr'>minibus</span> <span class='ocrx_word' id='word_1_234' title='bbox 450 3384 480 3426; x_wconf 92' lang='grc' dir='ltr'>ιιι</span> <span class='ocrx_word' id='word_1_235' title='bbox 504 3367 665 3427; x_wconf 80' lang='lat' dir='ltr'>ecclesiam</span> <span class='ocrx_word' id='word_1_236' title='bbox 690 3366 828 3427; x_wconf 87' lang='lat' dir='ltr'>horribili</span> <span class='ocrx_word' id='word_1_237' title='bbox 850 3365 979 3425; x_wconf 82' lang='lat' dir='ltr'>audacie</span> <span class='ocrx_word' id='word_1_238' title='bbox 1007 3368 1213 3447; x_wconf 81' lang='lat' dir='ltr'>importstsm,</span> 
     </span>
     <span class='ocr_line' id='line_1_36' title="bbox 295 3447 1275 3529; baseline -0.004 -19"><span class='ocrx_word' id='word_1_239' title='bbox 295 3468 357 3529; x_wconf 82' lang='lat' dir='ltr'>que</span> <span class='ocrx_word' id='word_1_240' title='bbox 368 3451 452 3509; x_wconf 89' lang='lat' dir='ltr'>Deus</span> <span class='ocrx_word' id='word_1_241' title='bbox 475 3468 535 3509; x_wconf 88' lang='lat' dir='ltr'>nee</span> <span class='ocrx_word' id='word_1_242' title='bbox 554 3456 638 3509; x_wconf 85' lang='lat' dir='ltr'>recte</span> <span class='ocrx_word' id='word_1_243' title='bbox 661 3466 734 3509; x_wconf 86' lang='lat' dir='ltr'>nec</span> <span class='ocrx_word' id='word_1_244' title='bbox 740 3451 790 3528; x_wconf 89' lang='lat' dir='ltr'>pic</span> <span class='ocrx_word' id='word_1_245' title='bbox 804 3449 932 3526; x_wconf 82' lang='lat' dir='ltr'>entitur,</span> <span class='ocrx_word' id='word_1_246' title='bbox 956 3448 1010 3509; x_wconf 86' lang='lat' dir='ltr'>sed</span> <span class='ocrx_word' id='word_1_247' title='bbox 1033 3449 1110 3509; x_wconf 85' lang='lat' dir='ltr'>mult</span> <span class='ocrx_word' id='word_1_248' title='bbox 1097 3455 1133 3523; x_wconf 85' lang='grc' dir='ltr'>ιιι</span> <span class='ocrx_word' id='word_1_249' title='bbox 1152 3464 1214 3506; x_wconf 84' lang='lat' dir='ltr'>me·-</span> <span class='ocrx_word' id='word_1_250' title='bbox 1260 3447 1275 3526; x_wconf 25' lang='grc' dir='ltr'>κ’</span> 
     </span>
     <span class='ocr_line' id='line_1_37' title="bbox 293 3517 1221 3615; baseline -0.004 -23"><span class='ocrx_word' id='word_1_251' title='bbox 293 3534 341 3615; x_wconf 86' lang='lat' dir='ltr'>gis</span> <span class='ocrx_word' id='word_1_252' title='bbox 364 3532 551 3593; x_wconf 75' lang='lat' dir='ltr'>contumeliis</span> <span class='ocrx_word' id='word_1_253' title='bbox 571 3532 717 3611; x_wconf 77' lang='lat' dir='ltr'>officitur,</span> <span class='ocrx_word' id='word_1_254' title='bbox 739 3539 772 3592; x_wconf 87' lang='lat' dir='ltr'>et</span> <span class='ocrx_word' id='word_1_255' title='bbox 791 3534 837 3591; x_wconf 80' lang='lat' dir='ltr'>ire</span> <span class='ocrx_word' id='word_1_256' title='bbox 852 3533 953 3611; x_wconf 84' lang='lat' dir='ltr'>ipsius</span> <span class='ocrx_word' id='word_1_257' title='bbox 974 3517 1139 3591; x_wconf 80' lang='lat' dir='ltr'>iustissime</span> <span class='ocrx_word' id='word_1_258' title='bbox 1162 3530 1221 3590; x_wconf 66' lang='lat' dir='ltr'>ed:</span> 
     </span>
     <span class='ocr_line' id='line_1_38' title="bbox 294 3613 1216 3695; baseline -0.001 -20"><span class='ocrx_word' id='word_1_259' title='bbox 294 3624 443 3676; x_wconf 84' lang='lat' dir='ltr'>versust</span> <span class='ocrx_word' id='word_1_260' title='bbox 431 3622 512 3675; x_wconf 80' lang='lat' dir='ltr'>totos</span> <span class='ocrx_word' id='word_1_261' title='bbox 534 3622 642 3695; x_wconf 84' lang='lat' dir='ltr'>gentes</span> <span class='ocrx_word' id='word_1_262' title='bbox 672 3624 703 3675; x_wconf 85' lang='lat' dir='ltr'>ct</span> <span class='ocrx_word' id='word_1_263' title='bbox 723 3617 863 3675; x_wconf 64' lang='lat' dir='ltr'>civitates</span> <span class='ocrx_word' id='word_1_264' title='bbox 887 3614 1059 3674; x_wconf 83' lang='lat' dir='ltr'>inflammet</span> <span class='ocrx_word' id='word_1_265' title='bbox 1047 3623 1103 3673; x_wconf 88' lang='lat' dir='ltr'>t.ur</span> <span class='ocrx_word' id='word_1_266' title='bbox 1147 3613 1216 3688; x_wconf 75' lang='lat' dir='ltr'>Qus</span> 
     </span>
     <span class='ocr_line' id='line_1_39' title="bbox 295 3697 1214 3779; baseline -0.001 -21"><span class='ocrx_word' id='word_1_267' title='bbox 295 3699 390 3759; x_wconf 88' lang='lat' dir='ltr'>dere</span> <span class='ocrx_word' id='word_1_268' title='bbox 418 3699 608 3778; x_wconf 66' lang='lat' dir='ltr'>cogitantes,</span> <span class='ocrx_word' id='word_1_269' title='bbox 642 3712 749 3758; x_wconf 81' lang='lat' dir='ltr'>omnes</span> <span class='ocrx_word' id='word_1_270' title='bbox 777 3700 847 3779; x_wconf 89' lang='lat' dir='ltr'>pios</span> <span class='ocrx_word' id='word_1_271' title='bbox 877 3704 942 3758; x_wconf 85' lang='lat' dir='ltr'>toto</span> <span class='ocrx_word' id='word_1_272' title='bbox 971 3697 1079 3758; x_wconf 88' lang='lat' dir='ltr'>orbet</span> <span class='ocrx_word' id='word_1_273' title='bbox 1067 3704 1214 3757; x_wconf 84' lang='lat' dir='ltr'>terrerum</span> 
     </span>
     <span class='ocr_line' id='line_1_40' title="bbox 295 3780 1216 3861; baseline 0 -21"><span class='ocrx_word' id='word_1_274' title='bbox 295 3784 411 3861; x_wconf 72' lang='lat' dir='ltr'>gratias</span> <span class='ocrx_word' id='word_1_275' title='bbox 444 3800 541 3861; x_wconf 82' lang='lat' dir='ltr'>egere</span> <span class='ocrx_word' id='word_1_276' title='bbox 579 3781 669 3841; x_wconf 89' lang='lat' dir='ltr'>decet</span> <span class='ocrx_word' id='word_1_277' title='bbox 703 3782 771 3842; x_wconf 94' lang='lat' dir='ltr'>Deo</span> <span class='ocrx_word' id='word_1_278' title='bbox 809 3788 936 3840; x_wconf 79' lang='lat' dir='ltr'>aeterno</span> <span class='ocrx_word' id='word_1_279' title='bbox 976 3781 1054 3859; x_wconf 79' lang='lat' dir='ltr'>petri</span> <span class='ocrx_word' id='word_1_280' title='bbox 1090 3780 1216 3840; x_wconf 90' lang='lat' dir='ltr'>Domini</span> 
     </span>
     <span class='ocr_line' id='line_1_41' title="bbox 294 3862 1215 3943; baseline -0.003 -17"><span class='ocrx_word' id='word_1_281' title='bbox 294 3864 393 3926; x_wconf 83' lang='lat' dir='ltr'>nostri</span> <span class='ocrx_word' id='word_1_282' title='bbox 410 3864 637 3939; x_wconf 64' lang='lat' dir='ltr'>demeruisti,</span> <span class='ocrx_word' id='word_1_283' title='bbox 660 3866 711 3943; x_wconf 87' lang='lat' dir='ltr'>qni</span> <span class='ocrx_word' id='word_1_284' title='bbox 732 3864 769 3923; x_wconf 92' lang='lat' dir='ltr'>D.</span> <span class='ocrx_word' id='word_1_285' title='bbox 793 3864 913 3923; x_wconf 82' lang='lat' dir='ltr'>Martini</span> <span class='ocrx_word' id='word_1_286' title='bbox 937 3862 1059 3921; x_wconf 83' lang='lat' dir='ltr'>Luthe&#39;ri</span> <span class='ocrx_word' id='word_1_287' title='bbox 1082 3864 1215 3923; x_wconf 91' lang='lat' dir='ltr'>ministe-</span> 
     </span>
     <span class='ocr_line' id='line_1_42' title="bbox 294 3946 1216 4030; baseline 0.001 -23"><span class='ocrx_word' id='word_1_288' title='bbox 294 3949 341 4009; x_wconf 87' lang='lat' dir='ltr'>rio</span> <span class='ocrx_word' id='word_1_289' title='bbox 364 3947 516 4007; x_wconf 81' lang='lat' dir='ltr'>ecclesius</span> <span class='ocrx_word' id='word_1_290' title='bbox 535 3966 651 4027; x_wconf 82' lang='lat' dir='ltr'>purum</span> <span class='ocrx_word' id='word_1_291' title='bbox 671 3947 841 4007; x_wconf 84' lang='lat' dir='ltr'>doctrinam</span> <span class='ocrx_word' id='word_1_292' title='bbox 869 3946 1016 4024; x_wconf 84' lang='lat' dir='ltr'>restituit,</span> <span class='ocrx_word' id='word_1_293' title='bbox 1045 3964 1083 4004; x_wconf 87' lang='lat' dir='ltr'>sc</span> <span class='ocrx_word' id='word_1_294' title='bbox 1109 3953 1216 4030; x_wconf 86' lang='lat' dir='ltr'>petere</span> 
     </span>
    </p>
   </div>
   <div class='ocr_carea' id='block_1_5' title="bbox 0 0 1558 4750">
    <p class='ocr_par' dir='ltr' id='par_1_7' title="bbox 0 0 1558 4750">
     <span class='ocr_line' id='line_1_43' title="bbox 0 0 1558 4750; baseline 0 0"><span class='ocrx_word' id='word_1_295' title='bbox 0 0 1558 4750; x_wconf 95' lang='lat' dir='ltr'> </span> 
     </span>
    </p>
   </div>
  </div>
 </body>
</html>
