3075 4750
580 487 613 542 u.
633 489 741 548 ιιιιιιι
761 488 881 543 utres.
905 464 913 476 “
1133 488 1196 555 319

318 651 412 736 52)
437 656 557 724 Beuum
581 663 648 718 erat
669 657 838 735 ecelesiae,
865 658 892 719 si
921 655 1086 738 theologus
1106 664 1196 718 natus

266 755 331 800 non
355 738 464 800 fuisset
485 739 671 819 Porphyrius
693 759 761 800 curn
785 741 848 802 suis
868 739 1101 802 universalibus.
1249 774 1255 785 ·

351 823 410 896 53)
435 822 647 886 Usitatioras
661 821 907 900 defiuiuonss1)
942 822 1118 888 Aristotelis
1146 825 1196 884 si·

268 885 381 964 deutur
401 911 508 985 petere
530 906 724 986 principium.

353 989 410 1062 54.)
436 986 485 1052 Ad
515 994 618 1054 aetum
647 989 836 1056 meritorium
857 989 932 1051 satis
954 995 1003 1051 est
1023 991 1197 1050 coexisten-

268 1070 311 1129 tia
334 1071 468 1150 gratiae,
490 1079 543 1132 aut
565 1072 769 1132 coexistentia
790 1070 865 1131 nihil
889 1079 944 1148 eat,
967 1080 1075 1134 contra
1094 1071 1174 1136 aab.

353 1157 412 1228 55)
446 1153 565 1218 Gratia.
599 1155 656 1216 Dei
699 1172 854 1232 nunquam
899 1154 945 1221 sic
984 1157 1129 1216 coexistit
1161 1163 1195 1216 ut

269 1236 382 1315 otiosa,
405 1237 530 1298 sedt
482 1243 530 1298 est
551 1239 647 1316 vivus,
670 1237 794 1298 mobilis
816 1242 847 1301 ιι
868 1256 1019 1316 operosus
1041 1239 1176 1319 spiritus.

352 1322 412 1398 56)
436 1319 503 1384 Nec
524 1321 646 1400 perDei
667 1320 842 1382 absolutam
858 1322 1030 1416 potentiam
1051 1321 1117 1383 lieri
1139 1343 1197 1402 po-

159 1389 163 1400 ’
268 1405 346 1480 test,
375 1409 409 1462 ut
429 1410 515 1468 actus
537 1405 691 1467 amicitiae
712 1404 768 1482 cit,
796 1409 836 1464 ιι
847 1405 949 1484 gratia
970 1404 1027 1466 Dei
1048 1424 1197 1486 praeseus

268 1501 332 1554 uon
356 1485 406 1548 sii.
451 1485 568 1549 Contra
589 1485 667 1555 Gal).
830 1535 835 1549 .

354 1567 414 1650 57)
438 1568 508 1630 Nou
537 1576 641 1649 polest
661 1553 747 1630 Deus
766 1578 930 1648 acceptare
951 1569 1107 1630 hominem
1130 1573 1197 1632 siue

268 1652 371 1734 gratia
392 1652 481 1712 Dei
473 1659 533 1712 rust
520 1651 667 1714 tilieente.
711 1651 828 1712 Contra
848 1650 973 1715 Occam

355 1734 617 1811 58)-Perieulosa
648 1742 696 1796 est
723 1734 803 1797 haec
831 1737 946 1798 oratio:
989 1736 1054 1796 Lex
1080 1738 1196 1816 praeci-

268 1819 330 1899 pit,
367 1818 450 1897 qued
471 1824 558 1890 aetus
580 1820 737 1899 praecepti
759 1816 814 1883 fiat
833 1820 866 1880 iu
886 1820 986 1899 gratia
1005 1819 1074 1882 Dei.
1117 1819 1196 1882 Cou-

269 1909 317 1962 tra
341 1899 429 1964 Card.
452 1909 484 1966 et
504 1900 582 1968 aab.
666 1959 668 1964 .
749 1941 752 1948 ·

354 1985 414 2062 59)
439 1983 581 2064 Sequitur
604 2004 644 2046 ex
667 2004 722 2062 ea,
744 1984 828 2063 quod
849 1985 981 2065 gratiam
1001 1985 1060 2048 Dei
1082 1985 1198 2050 habere

241 2099 244 2105 ·
269 2069 339 2130 ιιι
331 2086 393 2128 ram
411 2067 498 2134 ‘rrova
519 2068 601 2128 ultra
620 2067 722 2147 legem
745 2069 877 2132 exactio.

355 2152 414 2220 60)
437 2149 488 2216 Ex
510 2149 619 2224 eaden]
641 2151 795 2228 sequitur,
822 2150 907 2229 quod
929 2157 1016 2212 aetus
1037 2153 1197 2233 praecepti

271 2234 374 2313 possit
362 2232 462 2293 ttieri
485 2235 551 2294 sine
572 2234 672 2314 gratia
691 2233 759 2294 Dei

357 2319 416 2393 61)
440 2316 516 2382 lien
547 2317 700 2396 nequitur,
730 2315 813 2397 quod
841 2316 980 2380 odiosior
1012 2315 1066 2378 liat
1098 2319 1197 2400 gratia

271 2400 342 2479 Dei,
365 2419 457 2478 quam
477 2401 535 2465 tuit
556 2400 637 2461 lex
629 2418 705 2479 rpsa.

356 2485 413 2556 62)
438 2483 514 2549 Non.
531 2484 677 2562 sequitur,
699 2483 764 2543 Lex
787 2482 880 2545 debet
900 2484 1014 2544 servari
1031 2490 1063 2545 et
1077 2483 1196 2564 impleri

271 2568 304 2627 iu
330 2566 431 2647 gratis
452 2565 519 2627 Dei.
564 2566 680 2629 Coutm
700 2564 780 2629 Gal).

356 2650 413 2724 66)
439 2649 522 2731 Ergo
555 2649 679 2711 assidue
712 2655 836 2729 peccat,
872 2650 925 2727 qui
955 2656 1042 2709 extra
1066 2651 1196 2730 gratiam

268 2732 327 2794 Dei
352 2740 414 2810 est,
442 2751 505 2793 non
527 2731 716 2812 occidendo,
737 2752 800 2793 nou
824 2731 1033 2811 moechando,
1067 2752 1129 2795 uon
1152 2733 1196 2793 iu-

269 2813 382 2877 raudo.

354 2898 413 2975 64)
436 2896 498 2958 Sed
519 2899 670 2977 sequitur,
700 2905 825 2978 peccat,
853 2916 914 2959 non
936 2898 1134 2978 spiritualiter
1154 2899 1196 2961 le·
1300 2989 1302 2996 Ι

267 3000 341 3063 gem
363 2980 532 3060 implendo.

355 3067 413 3138 65)
437 3062 642 3161 spiritualiter
669 3084 732 3125 uon
756 3063 886 3141 oceidit,
915 3083 977 3126 nou
1007 3066 1196 3163 moechatur,

268 3166 333 3209 non
356 3147 487 3225 lirratur,
510 3148 559 3225 qui
582 3166 641 3207 neo
662 3148 811 3225 irascitur,
833 3166 892 3207 nee
913 3149 1114 3229 concupiscit.

355 3232 415 3326 66)
438 3228 536 3291 Extra
574 3237 643 3310 grat
643 3231 703 3293 iam
724 3230 782 3297 [tei
814 3230 894 3291 adeo
920 3231 1111 3312 impossibile
1139 3239 1196 3311 eat,

267 3332 334 3380 nou
364 3314 473 3389 irasci,
508 3332 571 3375 non
599 3332 820 3393 concupiscere
833 3311 930 3394 ²)
912 3322 1024 3377 ιιιιιιι
1045 3317 1076 3375 in
1098 3317 1197 3395 gratia

267 3397 347 3457 satis
372 3395 402 3455 id
424 3394 489 3455 fieri
511 3398 612 3492 possit
632 3396 671 3457 ad
693 3396 771 3477 legis
792 3397 1024 3476 perfectionem.

354 3480 414 3555 67)
435 3466 673 3559 Hypooritaium
712 3487 759 3541 eat
780 3480 913 3561 iustitia,
945 3500 1040 3561 opere
1069 3487 1101 3540 ιι
1121 3480 1195 3540 foris

267 3582 333 3623 non
357 3561 517 3641 occidere,
540 3580 603 3623 non
626 3562 782 3626 moechari
804 3567 875 3628 ιιι

353 3645 411 3723 68)
437 3608 561 3706 Gratiae
593 3645 654 3717 Dei
682 3645 742 3741 est,
782 3664 841 3706 nee
868 3645 1105 3724 concupiscere,
1137 3664 1196 3707 nec

267 3728 370 3789 irasci.

324 3922 354 3983 l)
373 3920 405 3973 Ιιι
425 3918 468 3975 ed
490 3920 605 3975 tosoet
624 3920 707 3976 1538:
726 3918 915 3974 diffinitiones.
951 3918 983 3983 2)
1005 3920 1036 3973 lu
1055 3918 1097 3974 ed.
1108 3921 1196 3978 1530

268 3993 439 4060 concupisci.
