3075 4750
359 487 423 556 298
589 459 598 474 ⁰
752 493 912 549 sorim

444 658 510 760 19).
525 659 728 724 emunata
759 681 836 724 vero
873 661 1117 727 chrestum
1148 664 1291 760 gretiam

361 763 453 826 quum
487 747 625 826 signent,
658 746 791 825 fuciunt,
822 751 857 806 et
875 745 950 806 hine
970 747 1063 806 etism
1084 746 1291 826 suseipientss

312 853 320 858 ·
360 828 566 990 iustiqegptm
592 910 769 972 sseerdotes
797 911 964 974 Ghristisni
995 911 1208 974 ehsrseterem
1239 932 1290 974 ve-

359 1015 426 1056 rum
458 1000 491 1055 et
521 995 626 1056 eleves
652 994 784 1075 hebent,
816 995 928 1075 quibus
951 1001 983 1056 st
1003 995 1118 1076 eulpss
1133 997 1291 1058 remittere

288 1112 296 1133 ·
360 1084 502 1238 posffllltl
525 1159 594 1221 Non
616 1161 717 1222 solum
740 1160 942 1242 approbando
963 1166 996 1222 et
1017 1159 1229 1241 deelsrerdo,
1258 1168 1290 1223 ut

358 1244 492 1340 leprosis
512 1243 668 1306 fseiebsnt
688 1243 867 1306 seoerdotes
888 1245 1001 1305 veteris
1021 1244 1111 1325 legis,
1138 1251 1172 1306 et
1191 1245 1289 1306 Aero-

360 1334 500 1490 Πηῦθ22)
525 1408 587 1472 Sed
622 1411 716 1471 etism
744 1409 984 1471 ministerialiter
1009 1417 1043 1472 et
1068 1410 1288 1473 instrumentu-

360 1494 445 1571 liter‚
485 1501 516 1553 et
552 1492 733 1572 dispositive
767 1511 825 1572 per
854 1499 1082 1555 ssersmenturn
1112 1493 1146 1556 id
1187 1496 1288 1576 ipsum

360 1576 591 1734 operqqqoimo
618 1660 698 1720 sieut
722 1659 807 1720 Deus
840 1658 935 1720 hebet
966 1658 1073 1720 eleves
1103 1660 1287 1737 autoritatis,

359 1743 499 1804 Christus
522 1741 742 1819 exsellentise,
763 1743 807 1802 its
826 1741 989 1822 presbyter
1008 1741 1205 1806 christianus
1227 1743 1286 1806 els-

359 1845 415 1887 ves
437 1826 532 1888 hsbet
552 1825 778 1886 ministerisles.

445 1906 503 1990 24)
528 1907 672 1987 Quisquis
695 1926 771 1988 ergo
793 1905 866 1966 dioit
886 1926 1016 1987 popam,
1045 1907 1096 1969 vel
1117 1909 1214 1970 etism
1235 1910 1287 1970 mi·

359 1993 476 2052 nimum
499 1989 703 2067 ssoerdotem‚
727 2009 791 2052 nou
812 1992 949 2070 possein
964 1991 1081 2070 oulpss,
1103 1992 1163 2052 nisi
1176 2011 1286 2073 oppro-

296 2093 301 2114 ⁴
357 2074 461 2136 hendo
484 2079 517 2134 et
537 2036 742 2170 deelsrsnrlo,
765 2080 855 2133 erret.

441 2159 499 2234 25)
523 2157 589 2218 lmo
612 2159 663 2236 qui
686 2175 749 2217 non
773 2155 884 2234 eredit
907 2157 1066 2218 minimum
1087 2156 1284 2220 sseerdotem

357 2239 563 2301 Christianum
585 2240 654 2322 plus
676 2240 824 2320 possein
846 2246 1017 2320 pemstum,
1039 2259 1131 2318 quem
1151 2246 1220 2301 tots
1232 2261 1283 2321 po
1380 2320 1381 2329 ἵ

357 2324 449 2387 tuerit
470 2324 543 2386 olim
566 2341 729 2405 synagoge
750 2321 940 2418 ludeeomm,
963 2329 1053 2385 errst

441 2412 499 2482 26)
524 2407 644 2483 Quin
636 2426 699 2468 imo
730 2412 827 2483 errat,
862 2408 914 2485 qui
939 2406 1093 2468 Christum
1121 2426 1180 2487 pro
1210 2428 1285 2471 sisse

358 2491 453 2588 oleris
475 2414 676 2587 excellentie,
707 2508 769 2569 qus
795 2490 856 2549 vim
880 2508 968 2551 suem
989 2489 1199 2552 Seorsmentis
1220 2510 1284 2552 non

357 2574 612 2739 ⁸¹1¹glllll’Putnt
639 2674 702 2717 non
729 2602 828 2736 posse
843 2660 978 2735 penests
996 2656 1156 2717 remittere
1178 2662 1212 2717 et
1232 2656 1284 2719 ho·
1379 2707 1380 2718 ,

358 2741 471 2799 minem
493 2740 629 2816 solvere,
652 2738 769 2817 absque
791 2737 978 2799 sseerdotoli
1000 2738 1211 2819 consessione,
1233 2760 1284 2819 sp·
1379 2753 1380 2756 ’

352 2822 544 2902 probatione
565 2822 616 2883 vel
638 2820 861 2883 doolsrstione.

441 2907 498 2983 28)
525 2904 710 2985 Quanquam
734 2909 930 2984 contemptus
951 2923 1043 2963 verus
1065 2903 1115 2965 vel
1136 2906 1284 2985 interpre-

358 2988 471 3047 tetivus
494 2987 630 3049 exeludit
651 2994 894 3065 sacramentum,
929 2987 1012 3065 quod
1033 3006 1099 3057 nou
1119 3006 1190 3049 raro
1213 3008 1285 3050 eon-

358 3071 448 3151 tingit
468 3072 500 3130 in
523 3090 592 3132 sero
615 3072 807 3151 poenitente.
880 3077 884 3082 ’

442 3157 498 3230 29)
524 3154 591 3215 Nee
612 3173 695 3215 mors
716 3155 856 3233 inopius,
877 3170 937 3213 neo
958 3154 1127 3215 necessitas
1145 3153 1287 3215 relevent

357 3235 397 3296 ab
420 3237 537 3297 ultione
560 3238 741 3317 gravissime
757 3236 949 3315 insequente

441 3322 498 3391 30)
523 3320 594 3381 Non
616 3326 720 3381 temen
738 3325 787 3380 est
808 3318 848 3378 de
868 3318 917 3379 liis
940 3317 1186 3397 desperandum,
1215 3339 1284 3381 eum

358 3403 484 3462 minime
517 3404 679 3483 contritio,
713 3420 796 3481 quae
830 3407 934 3481 potest
962 3401 995 3461 in
1024 3400 1087 3461 line
1108 3402 1193 3463 vitre
1213 3422 1285 3465 eon

358 3485 400 3544 tin
426 3504 488 3556 ers,

404 3506 495 3643 g31)
519 3566 657 3629 Sufficiet
682 3568 721 3629 ed
749 3574 947 3648 psoesterum
979 3567 1211 3667 remissionem,
1248 3587 1287 3628 so

357 3666 480 3730 poenae
500 3653 677 3713 oetemse'
668 3672 699 3712 ιιι
715 3650 926 3735 temporalem
948 3642 1159 3712 mutationem

442 3733 499 3813 32)
524 3734 585 3795 Sed
608 3730 732 3814 quondo
755 3734 795 3794 ob
819 3734 966 3814 temporis
983 3731 1190 3795 definientium
1212 3754 1286 3815 poe-

358 3834 418 3875 nee
452 3818 554 3877 taliter
587 3822 725 3879 mortuos
757 3816 1037 3878 trueulentissimse
1062 3836 1285 3900 nonnunqusm

357 3898 572 3977 insequantur,
624 3926 633 3936 ·

441 3982 498 4059 33)
525 3981 612 4057 Ques
633 3988 704 4044 sunt
723 3983 913 4063 plenissimis
933 3983 1032 4050 veniis
1055 3984 1286 4052 eelerite'rrels·
