3075 4750
587 484 840 546 trorum.
995 495 996 502 ¹
1128 469 1284 556 121'·

267 658 541 740 immores-populi
561 658 685 720 ruerunt
702 661 769 740 isti,
799 661 878 722 siout
899 666 931 722 ot
948 659 1047 722 mado
1075 659 1191 721 sedunt

266 742 392 822 plurimi
415 742 613 822 simplicibus.
1170 811 1173 816 ,

349 824 575 905 Apostolorum
596 827 660 886 vita
680 827 737 887 tirit
756 828 930 888 eommunis
952 833 983 888 et
1004 828 1096 908 plena
1117 846 1189 908 pau-

264 913 406 989 pertate,
439 928 596 988 pressura,
628 909 725 989 tame,
762 929 852 971 oruoe
874 917 905 971 ot
926 911 1051 990 oeteris,
1085 917 1116 970 ot
1138 911 1189 989 qui

265 992 359 1052 aliter
392 993 490 1072 sapit,
524 999 633 1054 eontra
655 993 855 1077 evangellum
891 995 986 1074 sapit,
1020 1013 1092 1054 nam
1118 993 1191 1054 inde

264 1073 346 1135 fides
367 1076 474 1151 oravit,
495 1075 579 1154 quod
601 1082 664 1136 tam
685 1075 797 1138 abiecti
819 1083 850 1137 et
871 1077 1031 1138 novissimi
1044 1078 1190 1157 omnium,

265 1164 300 1218 ut
321 1158 485 1237 apostolus
507 1160 559 1236 ait,
581 1165 671 1237 tauta.
683 1159 833 1223 miraoula
853 1160 1109 1248 feceruntptante
1126 1179 1190 1242 my-

266 1242 363 1301 steria
384 1240 572 1319 docuerunt,
602 1230 646 1301 in·
662 1260 696 1302 se
724 1241 799 1323 ipsis
829 1250 861 1303 et
886 1264 943 1324 pro
964 1263 997 1304 se
1019 1245 1093 1323 ipsis
1115 1244 1191 1304 nihil

266 1323 417 1404 sublime,
439 1323 514 1386 nihil
537 1344 684 1406 arrogans
705 1325 893 1403 habuerunt,
917 1325 972 1386 sed
995 1327 1100 1388 omnia
1121 1328 1190 1388 sim-

265 1407 363 1486 plioia
394 1413 427 1468 et
458 1407 595 1470 humilia.
636 1407 723 1473 Haeo
752 1409 845 1489 igitur
870 1428 939 1469 oum
965 1409 1190 1490 proedioantur,

265 1489 497 1571 intelliguntur,
520 1492 597 1570 quia,
613 1491 795 1571 ereduntur,
815 1492 884 1571 sed,
908 1512 977 1553 oum
999 1489 1192 1570 praedicatur

266 1573 426 1650 Christus,
454 1573 716 1654 scandalizantur,
750 1577 906 1656 quianon
929 1573 1070 1639 ereditur.
1112 1577 1190 1636 Dioo

264 1675 328 1738 ego
352 1655 454 1718 Adam
478 1676 547 1718 esse
568 1658 699 1725 formam
720 1657 849 1737 Christi,
871 1678 909 1720 ex
933 1659 1099 1734 autoritates
1118 1677 1190 1739 apo-

265 1739 350 1818 stoli,
372 1747 417 1818 ut,
441 1740 519 1801 siout
539 1740 592 1800 iile
613 1760 671 1801 nos
693 1742 760 1802 siue
783 1761 878 1824 opere
900 1747 1005 1803 nostro
1028 1742 1101 1804 seoit
1122 1761 1191 1824 peo

263 1827 409 1902 (ratores,
436 1823 480 1884 sio
503 1823 640 1886 Christus
663 1844 721 1885 nos
744 1826 810 1886 siue
833 1845 928 1906 opere
948 1826 1046 1888 iustos
1062 1823 1109 1896 *1.
1152 1823 1193 1885 Et

264 1905 388 1983 dieunt,
425 1925 500 1988 ergo
529 1906 678 1967 faciamus
703 1905 835 1986 malum3
863 1907 916 1968 our
937 1927 1001 1974 non
1022 1909 1115 1970 etiam
1138 1907 1191 1968 tibi

264 1987 390 2062 dieunt,
424 2008 498 2068 ergo
529 1991 554 2049 si
576 1991 638 2050 iam
661 2007 765 2051 sumus
788 1991 855 2051 sino
872 2011 971 2072 vopere
990 1999 1097 2052 nostro
1120 2007 1191 2070 peo-

264 2078 406 2149 oatoros‚
442 2071 588 2150 sufficiat,
616 2073 763 2134 faeiemus
781 2093 868 2134 nuno
890 2074 1015 2154 bouum
1060 2071 1120 2134 Gur
1141 2071 1192 2133 hio

263 2154 384 2214 addunt
400 2155 512 2215 malum
527 2155 622 2234 malo,
644 2162 675 2216 et
690 2175 753 2216 non
771 2157 862 2218 etiam
884 2157 926 2218 ibi
948 2157 1064 2219 bonum
1085 2156 1190 2219 bono?

263 2237 361 2316 Igitur
382 2239 463 2298 siout
483 2237 583 2301 Adam
606 2235 637 2299 in
659 2240 724 2298 suis
745 2259 867 2318 semper
888 2243 981 2322 auget
1002 2240 1125 2318 malum,
1148 2240 1191 2300 ita

263 2319 405 2381 Christus
428 2321 458 2381 in
481 2323 543 2382 suis
566 2341 688 2403 sempor
708 2321 834 2385 bonum.
877 2323 971 2405 Igitur
991 2323 1021 2384 hi
1038 2329 1109 2383 sunt
1128 2320 1188 2384 duo

261 2404 407 2466 homines
428 2406 460 2465 in
483 2404 583 2484 nobis,
604 2405 705 2465 Adam
726 2413 758 2467 et
774 2403 923 2483 Christus,
946 2406 999 2467 ille
1021 2410 1117 2484 vetus,
1139 2404 1190 2465 hio
1228 2476 1230 2491 Ι

263 2506 373 2549 novus.
416 2486 492 2547 Ideo
515 2506 577 2547 non
598 2489 753 2567 sequitur,
775 2490 921 2549 iustitiam
941 2486 1091 2552 habemus
1114 2486 1189 2547 nihil

263 2570 425 2649 operando
453 2567 549 2647 iuste,
577 2590 652 2653 ergo
679 2572 792 2633 iniuste
820 2590 998 2652 operemur,
1031 2573 1094 2661 imo
1117 2576 1190 2631 tuno

263 2656 401 2714 maxime
428 2661 575 2733 pereant,
607 2655 680 2733 quia
704 2662 867 2735 peoootum
895 2654 1025 2734 habent,
1057 2660 1091 2714 ut
1112 2654 1190 2714 siout

262 2736 456 2815 portavimus
478 2737 643 2817 imaginem
667 2743 817 2815 terrenae,
838 2735 1029 2819 portabimus
1051 2737 1102 2799 vel
1117 2756 1189 2817 por·

263 2827 363 2881 temus
398 2825 430 2879 et
462 2818 629 2899 imaginem
664 2821 819 2881 eoelestis.
861 2820 947 2891 Haeo
979 2820 1190 2881 soandolizant

263 2900 419 2979 infirmos,
441 2902 591 2980 inquiunt,
613 2904 675 2964 imo
697 2904 875 2984 pessimum,
898 2903 981 2982 quod
1004 2904 1065 2971 alia
1086 2904 1188 2965 nullos

264 2984 493 3064 seandaiiuant,
525 3004 593 3045 oum
623 2985 777 3047 Christum
803 2984 982 3047 oruoitixum
1009 2984 1189 3071 praedicare

262 3066 323 3129 hoo
356 3066 603 3141 sitsoandalum
635 3068 762 3129 Judaeis
792 3077 823 3130 et
853 3069 1011 3131 stultitiam
1045 3068 1188 3151 gentibus

265 3150 454 3229 praedicare.
497 3148 629 3228 Gentes,
662 3153 713 3230 qui
747 3152 805 3213 sibi
833 3150 946 3213 imhoo
968 3154 1123 3233 sapientes
1145 3154 1187 3212 vi-

265 3232 390 3306 dentur,
414 3232 497 3310 quod
519 3234 616 3294 verba
637 3235 698 3295 sint
712 3236 764 3295 ‘sio
784 3234 979 3311 instruenda,
1008 3236 1052 3297 sio
1075 3236 1186 3297 dooen-
1303 3250 1305 3273 ¹

266 3314 347 3393 dum,
369 3322 405 3396 ut
425 3315 526 3378 nullus
550 3315 732 3396 offendatur,
755 3316 811 3379 sed
834 3318 917 3379 velut
937 3326 1002 3379 arte
1023 3318 1203 3381 verborum·
1277 3358 1280 3361 -

267 3406 296 3458 et
327 3395 473 3461 simulata
502 3400 634 3459 veritate
668 3400 810 3462 homines
843 3403 1010 3481 capiantur.
1065 3399 1207 3477 Quare?
1283 3406 1286 3418 ¹

266 3482 336 3559 quia
358 3500 429 3541 sese
450 3480 558 3561 putant
580 3502 665 3562 esse,
695 3486 746 3563 qui
777 3485 910 3546 dooeant
939 3492 970 3545 et
990 3503 1053 3545 non
1076 3484 1185 3558 Deum,

266 3583 339 3645 ergo
373 3563 484 3643 nolunt
512 3564 685 3641 offendere,
718 3587 758 3629 ne
786 3586 850 3628 non
881 3567 1024 3629 doceant.
1077 3565 1186 3644 iudaei

267 3654 347 3724 sunt,
386 3647 437 3726 qui
464 3647 527 3705 suis
555 3648 698 3727 operibus
727 3652 878 3729 quaerunt
910 3648 1080 3719 iustificari,
1114 3646 1185 3707 ideo

266 3729 375 3789 nolunt
395 3728 520 3807 audire,
548 3731 631 3809 quod
653 3732 790 3793 Christus
813 3752 919 3794 eorum
941 3733 1056 3792 iustitia
1078 3732 1132 3809 sit,
1154 3737 1186 3790 et

268 3898 380 3905 .----ἃ
388 3900 685 3909 ...--.,,...-.-....-

304 3983 336 4048 ⁸)
354 3982 448 4037 Aurea
466 3986 605 4039 confessio
626 4002 709 4041 verae
726 3987 870 4041 doctrinae
888 3987 923 4040 da
940 3986 1144 4039 iustificatione.
