3075 4750
595 458 701 527 conos
719 470 797 528 unu.
815 472 898 527 ansi.
1146 468 1209 534 tot

290 642 458 723 lastieillt
470 604 639 723 disputare,
662 648 696 701 ut
716 630 800 719 quod
821 640 1056 719 necscripturis,
1078 656 1137 699 uec
1158 656 1213 699 au-
1284 678 1288 699 .
1391 620 1397 661 ¹¹

289 725 439 805 toritate‘,¹
459 726 660 786 neeratione
678 728 811 804 possunt
833 722 1026 801 convellere,
1052 720 1084 783 id
1105 718 1209 782 edula-

289 809 375 869 tione
394 806 549 896 pontilicis
565 809 756 889 impugnent,
781 804 857 865 nihil
869 806 1002 883 solliciti,
1023 822 1114 885 quam
1127 822 1208 883 rere,

290 890 345 952 aad
363 905 459 970 quam
479 891 594 971 placite
615 890 739 971 dieunt,
767 886 862 949 modo
892 888 1035 970 triumphi
1065 896 1136 972 spes
1158 886 1208 947 vel

289 968 368 1035 laisa
388 973 528 1036 arrideat
985 995 1009 1037 .·
1209 1004 1212 1009 ·

372 1056 408 1119 Id
436 1064 541 1120 tamen
562 1076 670 1137 spero,
698 1055 747 1130 vel
769 1053 973 1118 scholasticae
995 1072 1070 1116 suae
1092 1052 1209 1115 theolo=

289 1142 360 1221 giae
386 1142 486 1222 grstia
512 1140 586 1201 mihi
614 1138 766 1200 concedet
792 1136 946 1205 fabulator
975 1144 1098 1217 noster,
1117 1135 1209 1216 quod

290 1222 502 1304 indulgentiae
520 1241 584 1284 non
607 1222 707 1298 alnt2)
731 1219 915 1299 meritoriae,
938 1236 996 1280 nee
1018 1218 1210 1299 adsalutem

290 1308 494 1369 necessariae.
526 1304 619 1381 Quod
640 1306 667 1366 si
686 1306 731 1365 ita
752 1311 809 1384 est,
831 1320 922 1384 spero
944 1303 1018 1364 mihi
1040 1304 1134 1364 licere
1155 1322 1209 1364 eas

291 1389 441 1469 omittere,
462 1401 523 1450 nee
540 1407 593 1449 me
612 1389 694 1469 cogi,
715 1393 749 1448 ut
768 1386 927 1449 redimam.
958 1385 1033 1447 Ideo
1056 1402 1119 1447 non
1142 1404 1212 1447 esse

238 1547 243 1551 ,
290 1472 528 1555 vilipensionem
541 1473 706 1533 earumin
728 1485 779 1530 me
799 1469 1003 1549 temerariam,
1026 1468 1082 1530 sed
1105 1486 1209 1530 recor·

292 1553 364 1615 dem
389 1560 422 1616 et
443 1555 700 1617 contumeliosam
720 1552 806 1613 Ennii
827 1552 990 1631 iuvidiam,
1017 1569 1097 1631 quae
1117 1552 1213 1613 licen»

290 1640 364 1699 tiam
402 1656 460 1719 pro
493 1639 664 1699 temeritate
696 1638 921 1717 interpretetur.
970 1635 1048 1696 Dico
1077 1633 1211 1714 denique

293 1722 432 1799 (etiamsi
451 1727 631 1801 rumpantur
649 1721 704 1781 ilia
725 1718 847 1802 Codro)
870 1717 952 1781 velle
971 1735 1030 1799 me,
1052 1724 1086 1779 ut
1107 1718 1211 1779 nullae

291 1809 395 1865 essent
423 1813 550 1885 usquam
578 1803 789 1885 indulgentiae
816 1808 848 1863 et
867 1808 1016 1881 exspecto
1040 1801 1209 1883 declarato

270 1892 447 1949 ‘remncn
466 1887 621 1967 liirulum,
643 1906 685 1947 an
705 1888 757 1962 sic,
773 1886 829 1947 sim
850 1885 1032 1947 haereticus.
1066 1937 1070 1947 .
1191 1920 1194 1927 ι

353 2022 358 2027 .
373 1969 473 2033 Porro
488 1970 522 2031 id
538 1968 627 2051 =quod
649 1971 701 2048 ait,
724 1968 953 2030 aeclesiasticos
974 1968 1031 2029 six·
1048 1965 1171 2031 defendi
1193 1984 1212 2027 a

290 2052 401 2134 gladiis
422 2048 661 2131 laicomm,·iste
680 2058 730 2113 est
750 2052 829 2113 alter
850 2068 972 2131 nervus,
994 2059 1025 2113 et
1040 2051 1211 2113 eommunis

290 2136 377 2197 locus
405 2138 541 2198 omnium
570 2142 820 2217 argumentorum
849 2134 1112 2195 scholasticorum.
1137 2133 1211 2194 Ee·

291 2218 483 2281 clesiastieos
498 2218 622 2300 quidem
637 2218 762 2280 defendi
776 2217 960 2285 facillimum,
971 2225 1034 2279 est:
1073 2216 1211 2277 Christus
1226 2223 1228 2228 '

291 2303 374 2363 enim
395 2304 440 2364 eis
461 2320 609 2384 praesens
630 2310 687 2363 est.
731 2300 942 2363 scholasticos
963 2307 1066 2361 sutem
1093 2300 1211 2380 pericli-

290 2388 347 2448 tari
360 2387 445 2447 nihil
467 2388 575 2448 mirum
604 2390 668 2464 est,
698 2384 823 2466 quando
851 2384 919 2446 solo
943 2383 1111 2445 Aristotele
1123 2383 1212 2444 ”duce

290 2471 347 2531 tuti
368 2477 448 2531 sunt
490 2469 610 2532 Deinde
631 2469 707 2530 nihil
728 2467 813 2529 aliud
835 2468 1017 2548 moliuntur,
1047 2485 1138 2547 quam
1167 2473 1179 2526 t
1201 2503 1211 2514 -

250 2562 254 2570 '
290 2552 465 2633 renuidem,
494 2551 615 2632 idest,
653 2560 686 2613 ut
715 2552 874 2632 theologia
900 2553 932 2612 in
954 2569 1037 2612 nova
1058 2485 1211 2611 vocabuds

291 2634 388 2697 effusa
409 2655 429 2698 a
449 2635 567 2717 populo
589 2653 654 2696 non
675 2634 879 2716 intelligatur:
910 2634 1023 2696 deinde
1050 2634 1209 2714 negotium

290 2718 547 2801 indulgentiarum
569 2720 613 2780 ita
633 2717 857 2798 abscondatur,
890 2725 923 2778 ut
943 2735 1003 2778 nee
1022 2717 1081 2797 ipsi
1102 2715 1216 2776 intelli-¹

290 2809 374 2882 gant,
398 2801 473 2882 quid
494 2802 630 2880 valeant,
652 2799 898 2880 satissshabentes,
921 2801 1002 2880 quod
1016 2798 1133 2880 populo
1147 2817 1211 2860 non

292 2885 364 2946 lieet
383 2885 462 2947 haec
483 2903 588 2966 nosse,
608 2903 668 2946 uec
690 2903 748 2947 noa
766 2901 923 2964 quaerere,
947 2903 986 2946 ne
1004 2884 1083 2945 forte
1094 2882 1214 2944 lucrum

291 2969 474 3031 minuatur.'
495 2967 589 3030 Cuius
610 2968 642 3029 id
665 2975 714 3029 est
734 2967 861 3029 evidens
884 2973 1105 3047 argumentum,
1127 2965 1211 3045 quod

292 3052 323 3111 in
344 3071 378 3113 re
395 3072 458 3113 non
480 3053 656 3113 necessaria
676 3069 736 3112 nec
757 3051 914 3112 meritoria
935 3057 1052 3111 tantum
1065 3049 1214 3130 impendi·

175 3158 177 3161 ·
294 3141 343 3194 tur
357 3135 449 3196 studii
464 3141 498 3197 et
515 3135 641 3216 laboris,
659 3137 691 3196 in
704 3135 880 3195 necessaris
893 3153 967 3195 vero
982 3135 1059 3194 nihil
1075 3133 1212 3194 omnino.

572 3231 682 3298 XXIX.
704 3234 917 3312 Obeliseus.*)

373 3337 429 3400 Ec.
450 3335 655 3418 Respondere
676 3337 707 3397 in
729 3336 785 3417 has
808 3338 1005 3420 quaestiones
1025 3331 1214 3417 facillimum,

293 3439 399 3482 verum
421 3419 501 3482 haec
522 3422 656 3483 brevitas
677 3420 841 3483 subitarias
864 3420 1038 3501 scriptionis
1058 3437 1122 3482 non
1137 3421 1212 3500 pati·

292 3511 354 3566 tur:
370 3510 474 3565 tamen
485 3510 616 3585 possunt
626 3522 733 3566 omnes
745 3506 943 3586 quaestiones
956 3503 1014 3566 hae
1028 3501 1215 3566 sufficienter

292 3594 409 3654 eivers
419 3586 502 3650 solvi
512 3587 642 3667 ratione,
652 3607 715 3650 non
727 3585 795 3651 sols
805 3593 970 3668 potestate,
980 3594 1014 3650 ut
1024 3585 1077 3648 ille
1088 3585 1214 3650 divinat.

298 3694 301 3698 ⁴
375 3669 463 3733 Luth.
485 3671 619 3733 Possunt
641 3669 721 3731 solvi
743 3673 879 3750 ratione,
910 3670 971 3731 Cur
993 3687 1067 3751 ergo
1090 3670 1215 3734 solvunt

292 3755 495 3816 commissarii
521 3752 590 3815 sola
620 3759 791 3834 potestate,
824 3753 868 3814 nil
894 3753 992 3830 nisi²)
1027 3753 1155 3815 fulmina
1183 3759 1214 3815 et

502 3874 711 3892 ἡ

344 3936 376 4002 ι)
395 3937 427 3988 ln
446 3935 489 3990 ed.
507 3935 640 3990 wittenb.
667 3938 695 3988 et
721 3930 796 4002 apud
814 3930 941 3988 Loesch.:
971 3947 1028 3987 non
1053 3930 1115 3986 dieo
1134 3921 1213 3987 schoss

290 4007 389 4063 leutici
425 4008 458 4074 2)
478 4007 563 4062 ibid:
580 4022 639 4061 non
656 4010 730 4060 sunt.
766 4003 799 4074 3)
819 4003 950 4062 tossen:
968 4006 1022 4060 uisi
1034 4005 1082 4062 nil.

239 4092 244 4110 ¹
297 4145 300 4151 Ι
346 4079 379 4151 ·)
399 4077 502 4135 Contra
518 4078 563 4137 82.
581 4077 709 4134 conclus.
727 4077 849 4134 liutheri.
