<?xml version="1.0" encoding="UTF-8"?>
<!DOCTYPE html PUBLIC "-//W3C//DTD XHTML 1.0 Transitional//EN"
    "http://www.w3.org/TR/xhtml1/DTD/xhtml1-transitional.dtd">
<html xmlns="http://www.w3.org/1999/xhtml" xml:lang="en" lang="en">
 <head>
  <title>
</title>
<meta http-equiv="Content-Type" content="text/html;charset=utf-8" />
  <meta name='ocr-system' content='tesseract 3.04.00' />
  <meta name='ocr-capabilities' content='ocr_page ocr_carea ocr_par ocr_line ocrx_word'/>
</head>
<body>
  <div class='ocr_page' id='page_1' title='image "./operalatinavari01schmgoog_0195.png"; bbox 0 0 3075 4750; ppageno 0'>
   <div class='ocr_carea' id='block_1_1' title="bbox 718 353 731 383">
    <p class='ocr_par' dir='ltr' id='par_1_1' title="bbox 718 353 731 383">
     <span class='ocr_line' id='line_1_1' title="bbox 718 353 731 383; baseline 0 0"><span class='ocrx_word' id='word_1_1' title='bbox 718 353 731 383; x_wconf 82' lang='lat' dir='ltr'><em>l</em></span> 
     </span>
    </p>
   </div>
   <div class='ocr_carea' id='block_1_2' title="bbox 487 488 1164 567">
    <p class='ocr_par' dir='ltr' id='par_1_2' title="bbox 487 488 1164 567">
     <span class='ocr_line' id='line_1_2' title="bbox 487 488 1164 567; baseline 0.013 -9"><span class='ocrx_word' id='word_1_2' title='bbox 487 555 489 558; x_wconf 85' lang='grc'>,</span> <span class='ocrx_word' id='word_1_3' title='bbox 583 526 608 564; x_wconf 69' lang='lat'><strong>2.</strong></span> <span class='ocrx_word' id='word_1_4' title='bbox 632 488 814 567; x_wconf 70' lang='lat' dir='ltr'><strong>tulus-ue.</strong></span> <span class='ocrx_word' id='word_1_5' title='bbox 897 510 905 531; x_wconf 64' lang='lat'><strong>*</strong></span> <span class='ocrx_word' id='word_1_6' title='bbox 1104 500 1164 567; x_wconf 75' lang='lat'><strong>167</strong></span> 
     </span>
    </p>
   </div>
   <div class='ocr_carea' id='block_1_3' title="bbox 166 678 1170 4089">
    <p class='ocr_par' dir='ltr' id='par_1_3' title="bbox 238 678 1170 3242">
     <span class='ocr_line' id='line_1_3' title="bbox 242 678 1165 769; baseline -0.005 -25"><span class='ocrx_word' id='word_1_7' title='bbox 242 684 462 764; x_wconf 76' lang='lat' dir='ltr'><strong>exstinguitur:</strong></span> <span class='ocrx_word' id='word_1_8' title='bbox 484 682 604 743; x_wconf 86' lang='lat' dir='ltr'><strong>seilieet</strong></span> <span class='ocrx_word' id='word_1_9' title='bbox 624 683 797 769; x_wconf 70' lang='lat' dir='ltr'><strong>qnieeeeoi</strong></span> <span class='ocrx_word' id='word_1_10' title='bbox 813 685 966 764; x_wconf 82' lang='lat' dir='ltr'><strong>ignorent,</strong></span> <span class='ocrx_word' id='word_1_11' title='bbox 990 678 1072 759; x_wconf 86' lang='lat' dir='ltr'><strong>quod</strong></span> <span class='ocrx_word' id='word_1_12' title='bbox 1086 678 1165 743; x_wconf 81' lang='lat' dir='ltr'><strong>heee</strong></span> 
     </span>
     <span class='ocr_line' id='line_1_4' title="bbox 244 765 1164 849; baseline -0.008 -21"><span class='ocrx_word' id='word_1_13' title='bbox 244 768 377 828; x_wconf 87' lang='lat' dir='ltr'><strong>interior</strong></span> <span class='ocrx_word' id='word_1_14' title='bbox 397 766 592 827; x_wconf 77' lang='lat' dir='ltr'><strong>immunditia</strong></span> <span class='ocrx_word' id='word_1_15' title='bbox 614 767 705 827; x_wconf 88' lang='lat' dir='ltr'><strong>etiem</strong></span> <span class='ocrx_word' id='word_1_16' title='bbox 734 768 978 849; x_wconf 78' lang='lat' dir='ltr'><strong>speciossisimos</strong></span> <span class='ocrx_word' id='word_1_17' title='bbox 1006 765 1080 825; x_wconf 86' lang='lat' dir='ltr'><strong>loris</strong></span> <span class='ocrx_word' id='word_1_18' title='bbox 1100 780 1164 822; x_wconf 81' lang='lat' dir='ltr'><strong>mo·</strong></span> 
     </span>
     <span class='ocr_line' id='line_1_5' title="bbox 242 847 1164 913; baseline -0.007 -2"><span class='ocrx_word' id='word_1_19' title='bbox 242 868 289 911; x_wconf 85' lang='lat' dir='ltr'><strong>res</strong></span> <span class='ocrx_word' id='word_1_20' title='bbox 311 858 344 913; x_wconf 83' lang='lat' dir='ltr'><strong>et</strong></span> <span class='ocrx_word' id='word_1_21' title='bbox 365 851 527 911; x_wconf 88' lang='lat' dir='ltr'><strong>universes</strong></span> <span class='ocrx_word' id='word_1_22' title='bbox 561 851 691 911; x_wconf 87' lang='lat' dir='ltr'><strong>instit-ies</strong></span> <span class='ocrx_word' id='word_1_23' title='bbox 719 854 793 913; x_wconf 83' lang='lat' dir='ltr'><strong>feeit</strong></span> <span class='ocrx_word' id='word_1_24' title='bbox 828 855 1030 911; x_wconf 87' lang='lat' dir='ltr'><strong>meustmetee</strong></span> <span class='ocrx_word' id='word_1_25' title='bbox 1059 854 1091 907; x_wconf 91' lang='lat' dir='ltr'><strong>et</strong></span> <span class='ocrx_word' id='word_1_26' title='bbox 1110 847 1164 905; x_wconf 83' lang='lat' dir='ltr'><strong>im-</strong></span> 
     </span>
     <span class='ocr_line' id='line_1_6' title="bbox 241 928 1165 1014; baseline -0.005 -21"><span class='ocrx_word' id='word_1_27' title='bbox 241 933 382 993; x_wconf 85' lang='lat' dir='ltr'><strong>mundes.</strong></span> <span class='ocrx_word' id='word_1_28' title='bbox 426 932 494 994; x_wconf 87' lang='lat' dir='ltr'><strong>Hoe</strong></span> <span class='ocrx_word' id='word_1_29' title='bbox 516 952 600 993; x_wconf 89' lang='lat' dir='ltr'><strong>sunm</strong></span> <span class='ocrx_word' id='word_1_30' title='bbox 630 936 844 998; x_wconf 85' lang='lat' dir='ltr'><strong>ebeennditnm</strong></span> <span class='ocrx_word' id='word_1_31' title='bbox 873 940 1032 1014; x_wconf 77' lang='lat' dir='ltr'><strong>peecatum</strong></span> <span class='ocrx_word' id='word_1_32' title='bbox 1062 928 1165 1009; x_wconf 87' lang='lat' dir='ltr'><strong>(quod</strong></span> 
     </span>
     <span class='ocr_line' id='line_1_7' title="bbox 241 1014 1165 1099; baseline -0.005 -22"><span class='ocrx_word' id='word_1_33' title='bbox 241 1034 296 1095; x_wconf 86' lang='lat' dir='ltr'><strong>per</strong></span> <span class='ocrx_word' id='word_1_34' title='bbox 308 1017 441 1097; x_wconf 84' lang='lat' dir='ltr'><strong>gretiem</strong></span> <span class='ocrx_word' id='word_1_35' title='bbox 457 1019 558 1078; x_wconf 85' lang='lat' dir='ltr'><strong>seueri</strong></span> <span class='ocrx_word' id='word_1_36' title='bbox 577 1019 732 1099; x_wconf 79' lang='lat' dir='ltr'><strong>indeptum</strong></span> <span class='ocrx_word' id='word_1_37' title='bbox 753 1023 818 1097; x_wconf 87' lang='lat' dir='ltr'><strong>est)</strong></span> <span class='ocrx_word' id='word_1_38' title='bbox 851 1019 948 1079; x_wconf 82' lang='lat' dir='ltr'><strong>sensti</strong></span> <span class='ocrx_word' id='word_1_39' title='bbox 970 1014 1093 1075; x_wconf 72' lang='lat' dir='ltr'><strong>assidue</strong></span> <span class='ocrx_word' id='word_1_40' title='bbox 1114 1014 1165 1073; x_wconf 79' lang='lat' dir='ltr'><strong>he</strong></span> 
     </span>
     <span class='ocr_line' id='line_1_8' title="bbox 243 1096 1165 1183; baseline -0.005 -23"><span class='ocrx_word' id='word_1_41' title='bbox 243 1098 317 1161; x_wconf 78' lang='lat' dir='ltr'><strong>lent</strong></span> <span class='ocrx_word' id='word_1_42' title='bbox 339 1101 370 1160; x_wconf 90' lang='lat' dir='ltr'><strong>in</strong></span> <span class='ocrx_word' id='word_1_43' title='bbox 395 1100 508 1173; x_wconf 78' lang='lat' dir='ltr'><strong>oeulis,</strong></span> <span class='ocrx_word' id='word_1_44' title='bbox 531 1100 601 1161; x_wconf 90' lang='lat' dir='ltr'><strong>iden</strong></span> <span class='ocrx_word' id='word_1_45' title='bbox 626 1123 687 1164; x_wconf 89' lang='lat' dir='ltr'><strong>unu</strong></span> <span class='ocrx_word' id='word_1_46' title='bbox 710 1110 842 1183; x_wconf 78' lang='lat' dir='ltr'><strong>possunt</strong></span> <span class='ocrx_word' id='word_1_47' title='bbox 863 1100 1020 1181; x_wconf 81' lang='lat' dir='ltr'><strong>superbire</strong></span> <span class='ocrx_word' id='word_1_48' title='bbox 1048 1096 1087 1157; x_wconf 94' lang='lat' dir='ltr'><strong>ds</strong></span> <span class='ocrx_word' id='word_1_49' title='bbox 1114 1114 1165 1157; x_wconf 83' lang='lat' dir='ltr'><strong>ex·</strong></span> 
     </span>
     <span class='ocr_line' id='line_1_9' title="bbox 242 1180 1165 1265; baseline -0.004 -22"><span class='ocrx_word' id='word_1_50' title='bbox 242 1184 338 1243; x_wconf 84' lang='lat' dir='ltr'><strong>ternis</strong></span> <span class='ocrx_word' id='word_1_51' title='bbox 360 1183 424 1242; x_wconf 86' lang='lat' dir='ltr'><strong>suis</strong></span> <span class='ocrx_word' id='word_1_52' title='bbox 447 1184 604 1265; x_wconf 73' lang='lat' dir='ltr'><strong>operibus,</strong></span> <span class='ocrx_word' id='word_1_53' title='bbox 633 1194 666 1246; x_wconf 87' lang='lat' dir='ltr'><strong>ut</strong></span> <span class='ocrx_word' id='word_1_54' title='bbox 692 1188 773 1249; x_wconf 89' lang='lat' dir='ltr'><strong>Psel.</strong></span> <span class='ocrx_word' id='word_1_55' title='bbox 796 1190 852 1251; x_wconf 80' lang='lat'><strong>50:</strong></span> <span class='ocrx_word' id='word_1_56' title='bbox 886 1184 1029 1264; x_wconf 83' lang='lat' dir='ltr'><strong>quonium</strong></span> <span class='ocrx_word' id='word_1_57' title='bbox 1058 1180 1165 1259; x_wconf 58' lang='lat' dir='ltr'><strong>iuiqq‘·</strong></span> 
     </span>
     <span class='ocr_line' id='line_1_10' title="bbox 243 1269 1167 1350; baseline -0.004 -24"><span class='ocrx_word' id='word_1_58' title='bbox 243 1272 337 1326; x_wconf 85' lang='lat' dir='ltr'><strong>tetem</strong></span> <span class='ocrx_word' id='word_1_59' title='bbox 362 1282 647 1347; x_wconf 71' lang='lat' dir='ltr'><strong>meam-agnomen,</strong></span> <span class='ocrx_word' id='word_1_60' title='bbox 681 1279 712 1333; x_wconf 88' lang='lat' dir='ltr'><strong>et</strong></span> <span class='ocrx_word' id='word_1_61' title='bbox 737 1277 898 1350; x_wconf 76' lang='lat' dir='ltr'><strong>peecatum</strong></span> <span class='ocrx_word' id='word_1_62' title='bbox 926 1284 1027 1327; x_wconf 87' lang='lat' dir='ltr'><strong>meum</strong></span> <span class='ocrx_word' id='word_1_63' title='bbox 1059 1269 1167 1324; x_wconf 86' lang='lat' dir='ltr'><strong>oontre</strong></span> 
     </span>
     <span class='ocr_line' id='line_1_11' title="bbox 241 1344 1167 1433; baseline -0.004 -24"><span class='ocrx_word' id='word_1_64' title='bbox 241 1369 290 1409; x_wconf 88' lang='lat' dir='ltr'><strong>me</strong></span> <span class='ocrx_word' id='word_1_65' title='bbox 312 1356 362 1409; x_wconf 86' lang='lat' dir='ltr'><strong>est</strong></span> <span class='ocrx_word' id='word_1_66' title='bbox 390 1368 521 1431; x_wconf 79' lang='lat' dir='ltr'><strong>semper.</strong></span> <span class='ocrx_word' id='word_1_67' title='bbox 566 1352 665 1429; x_wconf 74' lang='lat' dir='ltr'><strong>Heeo,</strong></span> <span class='ocrx_word' id='word_1_68' title='bbox 693 1356 837 1433; x_wconf 72' lang='lat' dir='ltr'><strong>iuquam,</strong></span> <span class='ocrx_word' id='word_1_69' title='bbox 870 1352 1011 1413; x_wconf 78' lang='lat' dir='ltr'><strong>doctrine</strong></span> <span class='ocrx_word' id='word_1_70' title='bbox 1035 1344 1107 1407; x_wconf 87' lang='lat' dir='ltr'><strong>fidei</strong></span> <span class='ocrx_word' id='word_1_71' title='bbox 1136 1351 1167 1405; x_wconf 89' lang='lat' dir='ltr'><strong>st</strong></span> 
     </span>
     <span class='ocr_line' id='line_1_12' title="bbox 244 1433 1169 1519; baseline -0.003 -27"><span class='ocrx_word' id='word_1_72' title='bbox 244 1433 402 1493; x_wconf 87' lang='lat' dir='ltr'><strong>interioris</strong></span> <span class='ocrx_word' id='word_1_73' title='bbox 424 1434 557 1495; x_wconf 86' lang='lat' dir='ltr'><strong>iustitiee</strong></span> <span class='ocrx_word' id='word_1_74' title='bbox 579 1438 744 1519; x_wconf 79' lang='lat' dir='ltr'><strong>negligitur</strong></span> <span class='ocrx_word' id='word_1_75' title='bbox 763 1436 874 1512; x_wconf 73' lang='lat' dir='ltr'><strong>hodie,</strong></span> <span class='ocrx_word' id='word_1_76' title='bbox 904 1435 975 1514; x_wconf 86' lang='lat' dir='ltr'><strong>quie</strong></span> <span class='ocrx_word' id='word_1_77' title='bbox 996 1450 1052 1512; x_wconf 84' lang='lat' dir='ltr'><strong>per</strong></span> <span class='ocrx_word' id='word_1_78' title='bbox 1073 1447 1169 1509; x_wconf 85' lang='lat' dir='ltr'><strong>opere</strong></span> 
     </span>
     <span class='ocr_line' id='line_1_13' title="bbox 243 1512 1166 1600; baseline -0.003 -25"><span class='ocrx_word' id='word_1_79' title='bbox 243 1516 393 1577; x_wconf 77' lang='lat' dir='ltr'><strong>festinent</strong></span> <span class='ocrx_word' id='word_1_80' title='bbox 406 1516 573 1595; x_wconf 77' lang='lat' dir='ltr'><strong>iustificari,</strong></span> <span class='ocrx_word' id='word_1_81' title='bbox 583 1528 749 1600; x_wconf 87' lang='lat' dir='ltr'><strong>entequem</strong></span> <span class='ocrx_word' id='word_1_82' title='bbox 765 1520 886 1581; x_wconf 82' lang='lat' dir='ltr'><strong>discent</strong></span> <span class='ocrx_word' id='word_1_83' title='bbox 896 1520 987 1592; x_wconf 75' lang='lat' dir='ltr'><strong>iulus,</strong></span> <span class='ocrx_word' id='word_1_84' title='bbox 1009 1512 1166 1593; x_wconf 81' lang='lat' dir='ltr'><strong>quomodo</strong></span> 
     </span>
     <span class='ocr_line' id='line_1_14' title="bbox 241 1598 1165 1682; baseline -0.004 -24"><span class='ocrx_word' id='word_1_85' title='bbox 241 1600 301 1659; x_wconf 86' lang='lat' dir='ltr'><strong>siut</strong></span> <span class='ocrx_word' id='word_1_86' title='bbox 323 1607 521 1679; x_wconf 75' lang='lat' dir='ltr'><strong>pensatores,</strong></span> <span class='ocrx_word' id='word_1_87' title='bbox 554 1604 653 1664; x_wconf 88' lang='lat' dir='ltr'><strong>solum</strong></span> <span class='ocrx_word' id='word_1_88' title='bbox 681 1609 810 1665; x_wconf 85' lang='lat' dir='ltr'><strong>externe</strong></span> <span class='ocrx_word' id='word_1_89' title='bbox 839 1600 968 1682; x_wconf 80' lang='lat' dir='ltr'><strong>peeedte</strong></span> <span class='ocrx_word' id='word_1_90' title='bbox 993 1598 1165 1658; x_wconf 86' lang='lat' dir='ltr'><strong>metientes.</strong></span> 
     </span>
     <span class='ocr_line' id='line_1_15' title="bbox 238 1678 1168 1769; baseline -0.004 -27"><span class='ocrx_word' id='word_1_91' title='bbox 238 1682 377 1744; x_wconf 77' lang='lat' dir='ltr'><strong>Ptoinde</strong></span> <span class='ocrx_word' id='word_1_92' title='bbox 400 1702 500 1763; x_wconf 84' lang='lat' dir='ltr'><strong>neque</strong></span> <span class='ocrx_word' id='word_1_93' title='bbox 521 1685 552 1746; x_wconf 89' lang='lat' dir='ltr'><strong>id</strong></span> <span class='ocrx_word' id='word_1_94' title='bbox 574 1687 763 1769; x_wconf 79' lang='lat' dir='ltr'><strong>intelligunt,</strong></span> <span class='ocrx_word' id='word_1_95' title='bbox 795 1686 876 1765; x_wconf 86' lang='lat' dir='ltr'><strong>quod</strong></span> <span class='ocrx_word' id='word_1_96' title='bbox 905 1701 1026 1763; x_wconf 84' lang='lat' dir='ltr'><strong>semper</strong></span> <span class='ocrx_word' id='word_1_97' title='bbox 1052 1678 1168 1740; x_wconf 87' lang='lat' dir='ltr'><strong>hebent</strong></span> 
     </span>
     <span class='ocr_line' id='line_1_16' title="bbox 240 1762 1167 1849; baseline -0.003 -24"><span class='ocrx_word' id='word_1_98' title='bbox 240 1767 270 1825; x_wconf 92' lang='lat' dir='ltr'><strong>in</strong></span> <span class='ocrx_word' id='word_1_99' title='bbox 293 1784 361 1840; x_wconf 80' lang='lat' dir='ltr'><strong>ore,</strong></span> <span class='ocrx_word' id='word_1_100' title='bbox 385 1767 503 1828; x_wconf 80' lang='lat' dir='ltr'><strong>seilicet</strong></span> <span class='ocrx_word' id='word_1_101' title='bbox 525 1772 640 1849; x_wconf 73' lang='lat' dir='ltr'><strong>merite,</strong></span> <span class='ocrx_word' id='word_1_102' title='bbox 663 1772 806 1847; x_wconf 75' lang='lat' dir='ltr'><strong>virtutes,</strong></span> <span class='ocrx_word' id='word_1_103' title='bbox 837 1769 919 1830; x_wconf 89' lang='lat' dir='ltr'><strong>boue</strong></span> <span class='ocrx_word' id='word_1_104' title='bbox 941 1784 1045 1847; x_wconf 82' lang='lat' dir='ltr'><strong>opere,</strong></span> <span class='ocrx_word' id='word_1_105' title='bbox 1067 1762 1167 1823; x_wconf 87' lang='lat' dir='ltr'><strong>bonus</strong></span> 
     </span>
     <span class='ocr_line' id='line_1_17' title="bbox 240 1848 1167 1932; baseline -0.004 -25"><span class='ocrx_word' id='word_1_106' title='bbox 240 1867 361 1909; x_wconf 84' lang='lat' dir='ltr'><strong>mores:</strong></span> <span class='ocrx_word' id='word_1_107' title='bbox 384 1850 535 1929; x_wconf 87' lang='lat' dir='ltr'><strong>siquidem</strong></span> <span class='ocrx_word' id='word_1_108' title='bbox 548 1872 732 1930; x_wconf 72' lang='lat' dir='ltr'><strong>memores,</strong></span> <span class='ocrx_word' id='word_1_109' title='bbox 753 1870 929 1932; x_wconf 68' lang='lat' dir='ltr'><strong>necepsus,</strong></span> <span class='ocrx_word' id='word_1_110' title='bbox 951 1868 1009 1909; x_wconf 83' lang='lat' dir='ltr'><strong>nse</strong></span> <span class='ocrx_word' id='word_1_111' title='bbox 1030 1848 1167 1919; x_wconf 70' lang='lat' dir='ltr'><strong>virtutes,</strong></span> 
     </span>
     <span class='ocr_line' id='line_1_18' title="bbox 243 1930 1170 2014; baseline -0.004 -23"><span class='ocrx_word' id='word_1_112' title='bbox 243 1950 299 1992; x_wconf 86' lang='lat' dir='ltr'><strong>nee</strong></span> <span class='ocrx_word' id='word_1_113' title='bbox 321 1932 434 1993; x_wconf 88' lang='lat' dir='ltr'><strong>merite</strong></span> <span class='ocrx_word' id='word_1_114' title='bbox 455 1944 526 1996; x_wconf 87' lang='lat' dir='ltr'><strong>sunt</strong></span> <span class='ocrx_word' id='word_1_115' title='bbox 546 1936 639 2014; x_wconf 70' lang='lat' dir='ltr'><strong>boun,</strong></span> <span class='ocrx_word' id='word_1_116' title='bbox 660 1939 719 1997; x_wconf 90' lang='lat' dir='ltr'><strong>nisi</strong></span> <span class='ocrx_word' id='word_1_117' title='bbox 741 1935 877 1997; x_wconf 82' lang='lat' dir='ltr'><strong>fieut&#39;eb</strong></span> <span class='ocrx_word' id='word_1_118' title='bbox 900 1954 937 1995; x_wconf 87' lang='lat' dir='ltr'><strong>eo</strong></span> <span class='ocrx_word' id='word_1_119' title='bbox 959 1934 1009 2011; x_wconf 78' lang='lat' dir='ltr'><strong>qsri</strong></span> <span class='ocrx_word' id='word_1_120' title='bbox 1027 1930 1112 2005; x_wconf 87' lang='lat' dir='ltr'><strong>luget</strong></span> <span class='ocrx_word' id='word_1_121' title='bbox 1137 1936 1170 1989; x_wconf 87' lang='lat' dir='ltr'><strong>et</strong></span> 
     </span>
     <span class='ocr_line' id='line_1_19' title="bbox 243 2011 1168 2096; baseline -0.005 -21"><span class='ocrx_word' id='word_1_122' title='bbox 243 2017 340 2096; x_wconf 81' lang='lat' dir='ltr'><strong>gemit</strong></span> <span class='ocrx_word' id='word_1_123' title='bbox 362 2036 450 2076; x_wconf 87' lang='lat' dir='ltr'><strong>suern</strong></span> <span class='ocrx_word' id='word_1_124' title='bbox 470 2020 621 2080; x_wconf 83' lang='lat' dir='ltr'><strong>internam</strong></span> <span class='ocrx_word' id='word_1_125' title='bbox 643 2020 866 2080; x_wconf 87' lang='lat' dir='ltr'><strong>immunditiem</strong></span> <span class='ocrx_word' id='word_1_126' title='bbox 892 2018 913 2077; x_wconf 84' lang='lat' dir='ltr'><strong>i.</strong></span> <span class='ocrx_word' id='word_1_127' title='bbox 940 2036 968 2077; x_wconf 89' lang='lat' dir='ltr'><strong>e.</strong></span> <span class='ocrx_word' id='word_1_128' title='bbox 996 2013 1034 2074; x_wconf 86' lang='lat' dir='ltr'><strong>eb</strong></span> <span class='ocrx_word' id='word_1_129' title='bbox 1062 2011 1168 2072; x_wconf 91' lang='lat' dir='ltr'><strong>humili</strong></span> 
     </span>
     <span class='ocr_line' id='line_1_20' title="bbox 243 2095 1167 2182; baseline -0.004 -25"><span class='ocrx_word' id='word_1_130' title='bbox 243 2100 351 2178; x_wconf 87' lang='lat' dir='ltr'><strong>spiritu</strong></span> <span class='ocrx_word' id='word_1_131' title='bbox 381 2105 414 2159; x_wconf 84' lang='lat' dir='ltr'><strong>et</strong></span> <span class='ocrx_word' id='word_1_132' title='bbox 434 2102 596 2180; x_wconf 81' lang='lat' dir='ltr'><strong>tribulato,</strong></span> <span class='ocrx_word' id='word_1_133' title='bbox 630 2105 680 2182; x_wconf 86' lang='lat' dir='ltr'><strong>qui</strong></span> <span class='ocrx_word' id='word_1_134' title='bbox 708 2109 756 2163; x_wconf 87' lang='lat' dir='ltr'><strong>est</strong></span> <span class='ocrx_word' id='word_1_135' title='bbox 787 2100 966 2162; x_wconf 77' lang='lat' dir='ltr'><strong>suentisium</strong></span> <span class='ocrx_word' id='word_1_136' title='bbox 990 2099 1066 2159; x_wconf 87' lang='lat' dir='ltr'><strong>Deo.</strong></span> <span class='ocrx_word' id='word_1_137' title='bbox 1109 2095 1167 2154; x_wconf 88' lang='lat' dir='ltr'><strong>Hie</strong></span> 
     </span>
     <span class='ocr_line' id='line_1_21' title="bbox 243 2183 1167 2265; baseline -0.004 -25"><span class='ocrx_word' id='word_1_138' title='bbox 243 2183 324 2241; x_wconf 89' lang='lat' dir='ltr'><strong>euim</strong></span> <span class='ocrx_word' id='word_1_139' title='bbox 348 2183 482 2261; x_wconf 84' lang='lat' dir='ltr'><strong>gemitus</strong></span> <span class='ocrx_word' id='word_1_140' title='bbox 502 2186 585 2263; x_wconf 78' lang='lat' dir='ltr'><strong>feeit,</strong></span> <span class='ocrx_word' id='word_1_141' title='bbox 608 2186 691 2265; x_wconf 89' lang='lat' dir='ltr'><strong>quod</strong></span> <span class='ocrx_word' id='word_1_142' title='bbox 713 2205 769 2246; x_wconf 88' lang='lat' dir='ltr'><strong>sue</strong></span> <span class='ocrx_word' id='word_1_143' title='bbox 789 2186 898 2245; x_wconf 84' lang='lat' dir='ltr'><strong>merite</strong></span> <span class='ocrx_word' id='word_1_144' title='bbox 913 2183 1015 2263; x_wconf 88' lang='lat' dir='ltr'><strong>potius</strong></span> <span class='ocrx_word' id='word_1_145' title='bbox 1038 2184 1167 2259; x_wconf 80' lang='lat' dir='ltr'><strong>pendete</strong></span> 
     </span>
     <span class='ocr_line' id='line_1_22' title="bbox 243 2260 1167 2348; baseline -0.004 -25"><span class='ocrx_word' id='word_1_146' title='bbox 243 2284 310 2324; x_wconf 87' lang='lat' dir='ltr'><strong>esse</strong></span> <span class='ocrx_word' id='word_1_147' title='bbox 335 2269 514 2345; x_wconf 55' lang='lat' dir='ltr'><strong>cognoscin</strong></span> <span class='ocrx_word' id='word_1_148' title='bbox 536 2269 621 2329; x_wconf 88' lang='lat' dir='ltr'><strong>Deus</strong></span> <span class='ocrx_word' id='word_1_149' title='bbox 645 2276 746 2329; x_wconf 90' lang='lat' dir='ltr'><strong>eutem</strong></span> <span class='ocrx_word' id='word_1_150' title='bbox 770 2286 825 2348; x_wconf 85' lang='lat' dir='ltr'><strong>per</strong></span> <span class='ocrx_word' id='word_1_151' title='bbox 846 2268 974 2346; x_wconf 81' lang='lat' dir='ltr'><strong>gretiam</strong></span> <span class='ocrx_word' id='word_1_152' title='bbox 993 2282 1077 2323; x_wconf 84' lang='lat' dir='ltr'><strong>suem</strong></span> <span class='ocrx_word' id='word_1_153' title='bbox 1096 2260 1167 2320; x_wconf 86' lang='lat' dir='ltr'><strong>huie</strong></span> 
     </span>
     <span class='ocr_line' id='line_1_23' title="bbox 242 2345 1166 2432; baseline -0.005 -25"><span class='ocrx_word' id='word_1_154' title='bbox 242 2347 337 2408; x_wconf 85' lang='lat' dir='ltr'><strong>luetui</strong></span> <span class='ocrx_word' id='word_1_155' title='bbox 361 2349 438 2428; x_wconf 76' lang='lat' dir='ltr'><strong>eius,</strong></span> <span class='ocrx_word' id='word_1_156' title='bbox 461 2351 543 2430; x_wconf 89' lang='lat' dir='ltr'><strong>qnod</strong></span> <span class='ocrx_word' id='word_1_157' title='bbox 563 2362 724 2432; x_wconf 87' lang='lat' dir='ltr'><strong>peeoetum</strong></span> <span class='ocrx_word' id='word_1_158' title='bbox 747 2356 804 2428; x_wconf 71' lang='lat' dir='ltr'><strong>est</strong></span> <span class='ocrx_word' id='word_1_159' title='bbox 833 2350 975 2432; x_wconf 88' lang='lat' dir='ltr'><strong>ignosoit.</strong></span> <span class='ocrx_word' id='word_1_160' title='bbox 1018 2346 1070 2407; x_wconf 78' lang='lat' dir='ltr'><strong>Sis</strong></span> <span class='ocrx_word' id='word_1_161' title='bbox 1099 2345 1166 2404; x_wconf 85' lang='lat' dir='ltr'><strong>siue</strong></span> 
     </span>
     <span class='ocr_line' id='line_1_24' title="bbox 243 2432 1166 2509; baseline -0.007 -19"><span class='ocrx_word' id='word_1_162' title='bbox 243 2432 415 2491; x_wconf 77' lang='lat' dir='ltr'><strong>humilitate</strong></span> <span class='ocrx_word' id='word_1_163' title='bbox 436 2453 498 2495; x_wconf 92' lang='lat' dir='ltr'><strong>nou</strong></span> <span class='ocrx_word' id='word_1_164' title='bbox 516 2435 550 2495; x_wconf 89' lang='lat' dir='ltr'><strong>lit</strong></span> <span class='ocrx_word' id='word_1_165' title='bbox 563 2436 687 2509; x_wconf 66' lang='lat' dir='ltr'><strong>bouum,</strong></span> <span class='ocrx_word' id='word_1_166' title='bbox 702 2437 721 2497; x_wconf 87' lang='lat' dir='ltr'><strong>i.</strong></span> <span class='ocrx_word' id='word_1_167' title='bbox 735 2456 761 2496; x_wconf 89' lang='lat' dir='ltr'><strong>e.</strong></span> <span class='ocrx_word' id='word_1_168' title='bbox 781 2437 848 2495; x_wconf 90' lang='lat' dir='ltr'><strong>siue</strong></span> <span class='ocrx_word' id='word_1_169' title='bbox 858 2433 972 2494; x_wconf 88' lang='lat' dir='ltr'><strong>iustitie</strong></span> <span class='ocrx_word' id='word_1_170' title='bbox 986 2436 1057 2490; x_wconf 87' lang='lat' dir='ltr'><strong>ente</strong></span> <span class='ocrx_word' id='word_1_171' title='bbox 1074 2443 1166 2488; x_wconf 88' lang='lat' dir='ltr'><strong>omne</strong></span> 
     </span>
     <span class='ocr_line' id='line_1_25' title="bbox 244 2510 1165 2596; baseline -0.007 -22"><span class='ocrx_word' id='word_1_172' title='bbox 244 2533 330 2594; x_wconf 66' lang='lat' dir='ltr'><strong>opus,</strong></span> <span class='ocrx_word' id='word_1_173' title='bbox 377 2517 419 2575; x_wconf 83' lang='lat' dir='ltr'><strong>At</strong></span> <span class='ocrx_word' id='word_1_174' title='bbox 440 2519 596 2596; x_wconf 88' lang='lat' dir='ltr'><strong>quomodo</strong></span> <span class='ocrx_word' id='word_1_175' title='bbox 617 2520 662 2580; x_wconf 91' lang='lat' dir='ltr'><strong>illi</strong></span> <span class='ocrx_word' id='word_1_176' title='bbox 684 2519 814 2580; x_wconf 87' lang='lat' dir='ltr'><strong>humiles</strong></span> <span class='ocrx_word' id='word_1_177' title='bbox 837 2523 940 2591; x_wconf 68' lang='lat' dir='ltr'><strong>eruut7</strong></span> <span class='ocrx_word' id='word_1_178' title='bbox 969 2514 1018 2592; x_wconf 86' lang='lat' dir='ltr'><strong>qui</strong></span> <span class='ocrx_word' id='word_1_179' title='bbox 1042 2510 1081 2571; x_wconf 89' lang='lat' dir='ltr'><strong>ed</strong></span> <span class='ocrx_word' id='word_1_180' title='bbox 1103 2511 1165 2570; x_wconf 86' lang='lat' dir='ltr'><strong>hoo</strong></span> 
     </span>
     <span class='ocr_line' id='line_1_26' title="bbox 244 2593 1167 2680; baseline -0.002 -24"><span class='ocrx_word' id='word_1_181' title='bbox 244 2597 379 2670; x_wconf 67' lang='lat' dir='ltr'><strong>student</strong></span> <span class='ocrx_word' id='word_1_182' title='bbox 402 2597 525 2676; x_wconf 75' lang='lat' dir='ltr'><strong>docent,</strong></span> <span class='ocrx_word' id='word_1_183' title='bbox 554 2609 692 2678; x_wconf 76' lang='lat' dir='ltr'><strong>monent,</strong></span> <span class='ocrx_word' id='word_1_184' title='bbox 715 2610 748 2662; x_wconf 90' lang='lat' dir='ltr'><strong>ut</strong></span> <span class='ocrx_word' id='word_1_185' title='bbox 768 2603 831 2662; x_wconf 90' lang='lat' dir='ltr'><strong>siut</strong></span> <span class='ocrx_word' id='word_1_186' title='bbox 852 2620 947 2680; x_wconf 90' lang='lat' dir='ltr'><strong>opere</strong></span> <span class='ocrx_word' id='word_1_187' title='bbox 967 2593 1167 2656; x_wconf 83' lang='lat' dir='ltr'><strong>mundissime</strong></span> 
     </span>
     <span class='ocr_line' id='line_1_27' title="bbox 244 2674 1166 2760; baseline -0.003 -20"><span class='ocrx_word' id='word_1_188' title='bbox 244 2689 274 2741; x_wconf 89' lang='lat' dir='ltr'><strong>et</strong></span> <span class='ocrx_word' id='word_1_189' title='bbox 292 2686 415 2759; x_wconf 75' lang='lat' dir='ltr'><strong>tenete,</strong></span> <span class='ocrx_word' id='word_1_190' title='bbox 445 2683 560 2745; x_wconf 73' lang='lat' dir='ltr'><strong>directe</strong></span> <span class='ocrx_word' id='word_1_191' title='bbox 591 2693 699 2746; x_wconf 81' lang='lat' dir='ltr'><strong>contre</strong></span> <span class='ocrx_word' id='word_1_192' title='bbox 719 2684 936 2757; x_wconf 72' lang='lat' dir='ltr'><strong>humilitatem,</strong></span> <span class='ocrx_word' id='word_1_193' title='bbox 969 2680 1072 2760; x_wconf 86' lang='lat' dir='ltr'><strong>potius</strong></span> <span class='ocrx_word' id='word_1_194' title='bbox 1106 2674 1166 2737; x_wconf 78' lang='lat' dir='ltr'><strong>ele</strong></span> 
     </span>
     <span class='ocr_line' id='line_1_28' title="bbox 244 2758 1167 2848; baseline -0.004 -25"><span class='ocrx_word' id='word_1_195' title='bbox 244 2764 359 2824; x_wconf 86' lang='lat' dir='ltr'><strong>tionem</strong></span> <span class='ocrx_word' id='word_1_196' title='bbox 377 2783 436 2844; x_wconf 87' lang='lat' dir='ltr'><strong>per</strong></span> <span class='ocrx_word' id='word_1_197' title='bbox 449 2785 544 2848; x_wconf 87' lang='lat' dir='ltr'><strong>opere</strong></span> <span class='ocrx_word' id='word_1_198' title='bbox 557 2774 747 2847; x_wconf 86' lang='lat' dir='ltr'><strong>qneersntse.</strong></span> <span class='ocrx_word' id='word_1_199' title='bbox 782 2768 833 2828; x_wconf 79' lang='lat' dir='ltr'><strong>Sie</strong></span> <span class='ocrx_word' id='word_1_200' title='bbox 848 2767 980 2827; x_wconf 82' lang='lat' dir='ltr'><strong>ueeeites</strong></span> <span class='ocrx_word' id='word_1_201' title='bbox 1003 2770 1059 2839; x_wconf 77' lang='lat' dir='ltr'><strong>est,</strong></span> <span class='ocrx_word' id='word_1_202' title='bbox 1081 2758 1167 2821; x_wconf 78' lang='lat' dir='ltr'><strong>sordi</strong></span> 
     </span>
     <span class='ocr_line' id='line_1_29' title="bbox 244 2842 1165 2925; baseline -0.002 -20"><span class='ocrx_word' id='word_1_203' title='bbox 244 2866 316 2921; x_wconf 78' lang='lat' dir='ltr'><strong>suo,</strong></span> <span class='ocrx_word' id='word_1_204' title='bbox 347 2848 431 2925; x_wconf 85' lang='lat' dir='ltr'><strong>quod</strong></span> <span class='ocrx_word' id='word_1_205' title='bbox 457 2851 647 2911; x_wconf 88' lang='lat' dir='ltr'><strong>immundum</strong></span> <span class='ocrx_word' id='word_1_206' title='bbox 674 2869 744 2912; x_wconf 88' lang='lat' dir='ltr'><strong>esse</strong></span> <span class='ocrx_word' id='word_1_207' title='bbox 772 2851 902 2924; x_wconf 82' lang='lat' dir='ltr'><strong>nolunt,</strong></span> <span class='ocrx_word' id='word_1_208' title='bbox 936 2846 1077 2920; x_wconf 83' lang='lat' dir='ltr'><strong>eredere,</strong></span> <span class='ocrx_word' id='word_1_209' title='bbox 1111 2842 1165 2904; x_wconf 87' lang='lat' dir='ltr'><strong>sed</strong></span> 
     </span>
     <span class='ocr_line' id='line_1_30' title="bbox 244 2928 1167 3014; baseline -0.003 -25"><span class='ocrx_word' id='word_1_210' title='bbox 244 2939 519 3009; x_wconf 87' lang='lat' dir='ltr'><strong>preesumuutuno</strong></span> <span class='ocrx_word' id='word_1_211' title='bbox 533 2935 595 2994; x_wconf 85' lang='lat' dir='ltr'><strong>ietu</strong></span> <span class='ocrx_word' id='word_1_212' title='bbox 618 2935 699 2995; x_wconf 89' lang='lat' dir='ltr'><strong>oeuli</strong></span> <span class='ocrx_word' id='word_1_213' title='bbox 722 2934 823 2993; x_wconf 83' lang='lat' dir='ltr'><strong>infuse</strong></span> <span class='ocrx_word' id='word_1_214' title='bbox 845 2933 944 3014; x_wconf 87' lang='lat' dir='ltr'><strong>gretie</strong></span> <span class='ocrx_word' id='word_1_215' title='bbox 967 2937 1065 2991; x_wconf 89' lang='lat' dir='ltr'><strong>totum</strong></span> <span class='ocrx_word' id='word_1_216' title='bbox 1087 2928 1167 3008; x_wconf 90' lang='lat' dir='ltr'><strong>puri·</strong></span> 
     </span>
     <span class='ocr_line' id='line_1_31' title="bbox 244 3011 1167 3091; baseline -0.002 -19"><span class='ocrx_word' id='word_1_217' title='bbox 244 3011 391 3091; x_wconf 79' lang='lat' dir='ltr'><strong>lieetum3</strong></span> <span class='ocrx_word' id='word_1_218' title='bbox 426 3035 494 3076; x_wconf 87' lang='lat' dir='ltr'><strong>eum</strong></span> <span class='ocrx_word' id='word_1_219' title='bbox 522 3017 575 3078; x_wconf 89' lang='lat' dir='ltr'><strong>ille</strong></span> <span class='ocrx_word' id='word_1_220' title='bbox 597 3024 679 3090; x_wconf 76' lang='lat' dir='ltr'><strong>oret,</strong></span> <span class='ocrx_word' id='word_1_221' title='bbox 697 3029 763 3076; x_wconf 70' lang='lat' dir='ltr'><strong>‘eor</strong></span> <span class='ocrx_word' id='word_1_222' title='bbox 791 3015 937 3076; x_wconf 91' lang='lat' dir='ltr'><strong>mundum</strong></span> <span class='ocrx_word' id='word_1_223' title='bbox 961 3033 1032 3074; x_wconf 87' lang='lat' dir='ltr'><strong>eree</strong></span> <span class='ocrx_word' id='word_1_224' title='bbox 1053 3013 1085 3071; x_wconf 91' lang='lat' dir='ltr'><strong>in</strong></span> <span class='ocrx_word' id='word_1_225' title='bbox 1108 3027 1167 3086; x_wconf 86' lang='lat' dir='ltr'><strong>rue,</strong></span> 
     </span>
     <span class='ocr_line' id='line_1_32' title="bbox 245 3093 1167 3178; baseline -0.003 -22"><span class='ocrx_word' id='word_1_226' title='bbox 245 3096 338 3175; x_wconf 83' lang='lat' dir='ltr'><strong>Dens,</strong></span> <span class='ocrx_word' id='word_1_227' title='bbox 361 3117 421 3157; x_wconf 87' lang='lat' dir='ltr'><strong>neo</strong></span> <span class='ocrx_word' id='word_1_228' title='bbox 442 3104 559 3160; x_wconf 87' lang='lat' dir='ltr'><strong>tentum</strong></span> <span class='ocrx_word' id='word_1_229' title='bbox 580 3099 612 3159; x_wconf 88' lang='lat' dir='ltr'><strong>id</strong></span> <span class='ocrx_word' id='word_1_230' title='bbox 640 3106 755 3178; x_wconf 73' lang='lat' dir='ltr'><strong>ureret,</strong></span> <span class='ocrx_word' id='word_1_231' title='bbox 792 3101 851 3159; x_wconf 85' lang='lat' dir='ltr'><strong>niei</strong></span> <span class='ocrx_word' id='word_1_232' title='bbox 884 3097 1010 3159; x_wconf 89' lang='lat' dir='ltr'><strong>interius</strong></span> <span class='ocrx_word' id='word_1_233' title='bbox 1036 3093 1167 3155; x_wconf 85' lang='lat' dir='ltr'><strong>muudus</strong></span> 
     </span>
     <span class='ocr_line' id='line_1_33' title="bbox 245 3186 337 3242; baseline 0.065 -6"><span class='ocrx_word' id='word_1_234' title='bbox 245 3186 337 3242; x_wconf 84' lang='lat' dir='ltr'><strong>esset.</strong></span> 
     </span>
    </p>

    <p class='ocr_par' dir='ltr' id='par_1_4' title="bbox 166 3261 1169 4089">
     <span class='ocr_line' id='line_1_34' title="bbox 326 3261 1167 3345; baseline -0.002 -23"><span class='ocrx_word' id='word_1_235' title='bbox 326 3261 370 3322; x_wconf 79' lang='lat' dir='ltr'><strong>At</strong></span> <span class='ocrx_word' id='word_1_236' title='bbox 391 3263 516 3339; x_wconf 75' lang='lat' dir='ltr'><strong>dicitu,</strong></span> <span class='ocrx_word' id='word_1_237' title='bbox 553 3267 579 3326; x_wconf 89' lang='lat' dir='ltr'><strong>si</strong></span> <span class='ocrx_word' id='word_1_238' title='bbox 610 3283 684 3345; x_wconf 87' lang='lat' dir='ltr'><strong>ergo</strong></span> <span class='ocrx_word' id='word_1_239' title='bbox 708 3265 862 3326; x_wconf 82' lang='lat' dir='ltr'><strong>Abrehem</strong></span> <span class='ocrx_word' id='word_1_240' title='bbox 892 3267 989 3325; x_wconf 88' lang='lat' dir='ltr'><strong>iustus</strong></span> <span class='ocrx_word' id='word_1_241' title='bbox 1018 3269 1090 3323; x_wconf 89' lang='lat' dir='ltr'><strong>ente</strong></span> <span class='ocrx_word' id='word_1_242' title='bbox 1113 3262 1167 3321; x_wconf 88' lang='lat' dir='ltr'><strong>eir·</strong></span> 
     </span>
     <span class='ocr_line' id='line_1_35' title="bbox 246 3346 1169 3421; baseline 0.001 -19"><span class='ocrx_word' id='word_1_243' title='bbox 246 3347 467 3408; x_wconf 74' lang='lat' dir='ltr'><strong>cumeisionem</strong></span> <span class='ocrx_word' id='word_1_244' title='bbox 491 3357 522 3409; x_wconf 88' lang='lat' dir='ltr'><strong>et</strong></span> <span class='ocrx_word' id='word_1_245' title='bbox 544 3347 621 3409; x_wconf 80' lang='lat' dir='ltr'><strong>Abel</strong></span> <span class='ocrx_word' id='word_1_246' title='bbox 644 3355 717 3408; x_wconf 87' lang='lat' dir='ltr'><strong>ente</strong></span> <span class='ocrx_word' id='word_1_247' title='bbox 739 3348 946 3421; x_wconf 72' lang='lat' dir='ltr'><strong>oblationem,</strong></span> <span class='ocrx_word' id='word_1_248' title='bbox 976 3346 1169 3406; x_wconf 73' lang='lat' dir='ltr'><strong>similiteret</strong></span> 
     </span>
     <span class='ocr_line' id='line_1_36' title="bbox 246 3428 1168 3511; baseline -0.001 -25"><span class='ocrx_word' id='word_1_249' title='bbox 246 3446 355 3489; x_wconf 86' lang='lat' dir='ltr'><strong>omues</strong></span> <span class='ocrx_word' id='word_1_250' title='bbox 376 3429 406 3490; x_wconf 82' lang='lat' dir='ltr'><strong>S.</strong></span> <span class='ocrx_word' id='word_1_251' title='bbox 429 3430 550 3509; x_wconf 81' lang='lat' dir='ltr'><strong>Petres3‘</strong></span> <span class='ocrx_word' id='word_1_252' title='bbox 572 3430 645 3510; x_wconf 88' lang='lat' dir='ltr'><strong>quid</strong></span> <span class='ocrx_word' id='word_1_253' title='bbox 667 3449 741 3511; x_wconf 90' lang='lat' dir='ltr'><strong>ergo</strong></span> <span class='ocrx_word' id='word_1_254' title='bbox 763 3445 892 3492; x_wconf 84' lang='lat' dir='ltr'><strong>neeesse</strong></span> <span class='ocrx_word' id='word_1_255' title='bbox 919 3431 975 3492; x_wconf 87' lang='lat' dir='ltr'><strong>fuit</strong></span> <span class='ocrx_word' id='word_1_256' title='bbox 996 3428 1067 3488; x_wconf 85' lang='lat' dir='ltr'><strong>illos</strong></span> <span class='ocrx_word' id='word_1_257' title='bbox 1096 3443 1168 3505; x_wconf 85' lang='lat' dir='ltr'><strong>ope-</strong></span> 
     </span>
     <span class='ocr_line' id='line_1_37' title="bbox 245 3509 1168 3593; baseline -0.004 -22"><span class='ocrx_word' id='word_1_258' title='bbox 245 3510 327 3572; x_wconf 81' lang='lat' dir='ltr'><strong>rerii</strong></span> <span class='ocrx_word' id='word_1_259' title='bbox 347 3512 389 3573; x_wconf 80' lang='lat' dir='ltr'><strong>Et</strong></span> <span class='ocrx_word' id='word_1_260' title='bbox 409 3531 467 3573; x_wconf 89' lang='lat' dir='ltr'><strong>nos</strong></span> <span class='ocrx_word' id='word_1_261' title='bbox 489 3533 543 3574; x_wconf 85' lang='lat' dir='ltr'><strong>eur</strong></span> <span class='ocrx_word' id='word_1_262' title='bbox 563 3514 747 3593; x_wconf 80' lang='lat' dir='ltr'><strong>operemur?</strong></span> <span class='ocrx_word' id='word_1_263' title='bbox 769 3513 870 3574; x_wconf 83' lang='lat' dir='ltr'><strong>Simus</strong></span> <span class='ocrx_word' id='word_1_264' title='bbox 893 3514 983 3574; x_wconf 90' lang='lat' dir='ltr'><strong>otiosi</strong></span> <span class='ocrx_word' id='word_1_265' title='bbox 1005 3515 1037 3570; x_wconf 89' lang='lat' dir='ltr'><strong>et</strong></span> <span class='ocrx_word' id='word_1_266' title='bbox 1058 3509 1168 3569; x_wconf 90' lang='lat' dir='ltr'><strong>dormi·</strong></span> 
     </span>
     <span class='ocr_line' id='line_1_38' title="bbox 166 3593 1168 3678; baseline -0.004 -25"><span class='ocrx_word' id='word_1_267' title='bbox 166 3646 167 3649; x_wconf 69' lang='grc'>,</span> <span class='ocrx_word' id='word_1_268' title='bbox 245 3601 355 3674; x_wconf 82' lang='lat' dir='ltr'><strong>tentes,</strong></span> <span class='ocrx_word' id='word_1_269' title='bbox 379 3596 455 3674; x_wconf 88' lang='lat' dir='ltr'><strong>quie</strong></span> <span class='ocrx_word' id='word_1_270' title='bbox 475 3598 506 3656; x_wconf 88' lang='lat' dir='ltr'><strong>in</strong></span> <span class='ocrx_word' id='word_1_271' title='bbox 527 3598 625 3678; x_wconf 86' lang='lat' dir='ltr'><strong>gretie</strong></span> <span class='ocrx_word' id='word_1_272' title='bbox 646 3596 772 3657; x_wconf 86' lang='lat' dir='ltr'><strong>snmus?</strong></span> <span class='ocrx_word' id='word_1_273' title='bbox 809 3595 861 3657; x_wconf 76' lang='lat' dir='ltr'><strong>eie</strong></span> <span class='ocrx_word' id='word_1_274' title='bbox 882 3597 1020 3676; x_wconf 75' lang='lat' dir='ltr'><strong>sepiunt,</strong></span> <span class='ocrx_word' id='word_1_275' title='bbox 1055 3593 1168 3669; x_wconf 81' lang='lat' dir='ltr'><strong>quiex</strong></span> 
     </span>
     <span class='ocr_line' id='line_1_39' title="bbox 245 3673 1168 3760; baseline 0 -26"><span class='ocrx_word' id='word_1_276' title='bbox 245 3677 478 3740; x_wconf 85' lang='lat' dir='ltr'><strong>eireumoisioue</strong></span> <span class='ocrx_word' id='word_1_277' title='bbox 497 3686 530 3740; x_wconf 84' lang='lat' dir='ltr'><strong>et</strong></span> <span class='ocrx_word' id='word_1_278' title='bbox 548 3679 691 3760; x_wconf 80' lang='lat' dir='ltr'><strong>operibus</strong></span> <span class='ocrx_word' id='word_1_279' title='bbox 713 3679 869 3739; x_wconf 81' lang='lat' dir='ltr'><strong>iustificeri</strong></span> <span class='ocrx_word' id='word_1_280' title='bbox 897 3680 1065 3758; x_wconf 73' lang='lat' dir='ltr'><strong>queerunt‚</strong></span> <span class='ocrx_word' id='word_1_281' title='bbox 1096 3673 1168 3750; x_wconf 86' lang='lat' dir='ltr'><strong>quie</strong></span> 
     </span>
     <span class='ocr_line' id='line_1_40' title="bbox 246 3757 1167 3842; baseline -0.003 -24"><span class='ocrx_word' id='word_1_282' title='bbox 246 3760 311 3820; x_wconf 86' lang='lat' dir='ltr'><strong>siue</strong></span> <span class='ocrx_word' id='word_1_283' title='bbox 330 3760 392 3820; x_wconf 89' lang='lat' dir='ltr'><strong>illis</strong></span> <span class='ocrx_word' id='word_1_284' title='bbox 414 3760 487 3822; x_wconf 86' lang='lat' dir='ltr'><strong>iden</strong></span> <span class='ocrx_word' id='word_1_285' title='bbox 506 3781 571 3823; x_wconf 85' lang='lat' dir='ltr'><strong>nnn</strong></span> <span class='ocrx_word' id='word_1_286' title='bbox 594 3768 703 3842; x_wconf 86' lang='lat' dir='ltr'><strong>putent</strong></span> <span class='ocrx_word' id='word_1_287' title='bbox 733 3780 803 3823; x_wconf 87' lang='lat' dir='ltr'><strong>esse</strong></span> <span class='ocrx_word' id='word_1_288' title='bbox 830 3763 994 3834; x_wconf 81' lang='lat' dir='ltr'><strong>iustitium,</strong></span> <span class='ocrx_word' id='word_1_289' title='bbox 1021 3757 1094 3835; x_wconf 75' lang='lat' dir='ltr'><strong>quie</strong></span> <span class='ocrx_word' id='word_1_290' title='bbox 1123 3757 1167 3816; x_wconf 87' lang='lat' dir='ltr'><strong>eis</strong></span> 
     </span>
     <span class='ocr_line' id='line_1_41' title="bbox 246 3840 1166 3923; baseline -0.002 -22"><span class='ocrx_word' id='word_1_291' title='bbox 246 3861 307 3902; x_wconf 90' lang='lat' dir='ltr'><strong>non</strong></span> <span class='ocrx_word' id='word_1_292' title='bbox 331 3845 373 3903; x_wconf 89' lang='lat' dir='ltr'><strong>eit</strong></span> <span class='ocrx_word' id='word_1_293' title='bbox 392 3862 481 3923; x_wconf 85' lang='lat' dir='ltr'><strong>opus,</strong></span> <span class='ocrx_word' id='word_1_294' title='bbox 503 3847 529 3905; x_wconf 90' lang='lat' dir='ltr'><strong>si</strong></span> <span class='ocrx_word' id='word_1_295' title='bbox 546 3846 611 3916; x_wconf 52' lang='lat' dir='ltr'><strong>,iem</strong></span> <span class='ocrx_word' id='word_1_296' title='bbox 631 3846 748 3905; x_wconf 88' lang='lat' dir='ltr'><strong>iustitie</strong></span> <span class='ocrx_word' id='word_1_297' title='bbox 768 3844 908 3906; x_wconf 85' lang='lat' dir='ltr'><strong>hebetur.</strong></span> <span class='ocrx_word' id='word_1_298' title='bbox 952 3842 1054 3917; x_wconf 76' lang='lat' dir='ltr'><strong>Quare</strong></span> <span class='ocrx_word' id='word_1_299' title='bbox 1085 3840 1166 3899; x_wconf 88' lang='lat' dir='ltr'><strong>euim</strong></span> 
     </span>
     <span class='ocr_line' id='line_1_42' title="bbox 247 3921 1167 4006; baseline -0.002 -22"><span class='ocrx_word' id='word_1_300' title='bbox 247 3923 350 3986; x_wconf 77' lang='lat' dir='ltr'><strong>endiis</strong></span> <span class='ocrx_word' id='word_1_301' title='bbox 367 3927 483 3987; x_wconf 85' lang='lat' dir='ltr'><strong>iustitie</strong></span> <span class='ocrx_word' id='word_1_302' title='bbox 504 3929 605 3989; x_wconf 87' lang='lat' dir='ltr'><strong>stetim</strong></span> <span class='ocrx_word' id='word_1_303' title='bbox 622 3926 738 4005; x_wconf 84' lang='lat' dir='ltr'><strong>dieunt,</strong></span> <span class='ocrx_word' id='word_1_304' title='bbox 762 3946 826 3988; x_wconf 90' lang='lat' dir='ltr'><strong>nou</strong></span> <span class='ocrx_word' id='word_1_305' title='bbox 839 3943 913 4006; x_wconf 86' lang='lat' dir='ltr'><strong>ergo</strong></span> <span class='ocrx_word' id='word_1_306' title='bbox 931 3941 1095 4004; x_wconf 88' lang='lat' dir='ltr'><strong>operemur</strong></span> <span class='ocrx_word' id='word_1_307' title='bbox 1113 3921 1167 3983; x_wconf 91' lang='lat' dir='ltr'><strong>bu·</strong></span> 
     </span>
     <span class='ocr_line' id='line_1_43' title="bbox 248 4009 1169 4089; baseline -0.001 -22"><span class='ocrx_word' id='word_1_308' title='bbox 248 4025 330 4088; x_wconf 81' lang='lat' dir='ltr'><strong>uum,</strong></span> <span class='ocrx_word' id='word_1_309' title='bbox 351 4010 410 4069; x_wconf 87' lang='lat' dir='ltr'><strong>uisi</strong></span> <span class='ocrx_word' id='word_1_310' title='bbox 431 4010 504 4089; x_wconf 89' lang='lat' dir='ltr'><strong>quie</strong></span> <span class='ocrx_word' id='word_1_311' title='bbox 523 4029 562 4074; x_wconf 89' lang='lat' dir='ltr'><strong>ee</strong></span> <span class='ocrx_word' id='word_1_312' title='bbox 582 4010 667 4072; x_wconf 86' lang='lat' dir='ltr'><strong>velut</strong></span> <span class='ocrx_word' id='word_1_313' title='bbox 688 4029 814 4072; x_wconf 76' lang='lat' dir='ltr'><strong>oensem</strong></span> <span class='ocrx_word' id='word_1_314' title='bbox 834 4009 968 4070; x_wconf 77' lang='lat' dir='ltr'><strong>iustitiae</strong></span> <span class='ocrx_word' id='word_1_315' title='bbox 989 4011 1169 4088; x_wconf 82' lang='lat' dir='ltr'><strong>posuerunt,</strong></span> 
     </span>
    </p>
   </div>
   <div class='ocr_carea' id='block_1_4' title="bbox 0 0 1547 4750">
    <p class='ocr_par' dir='ltr' id='par_1_5' title="bbox 0 0 1547 4750">
     <span class='ocr_line' id='line_1_44' title="bbox 0 0 1547 4750; baseline 0 0"><span class='ocrx_word' id='word_1_316' title='bbox 0 0 1547 4750; x_wconf 95' lang='lat' dir='ltr'><strong> </strong></span> 
     </span>
    </p>
   </div>
  </div>
 </body>
</html>
