3075 4750
565 509 617 555 „e
635 494 706 552 1517
723 494 820 552 hebiti.
1106 491 1169 558 173

332 646 394 724 Qui

473 666 587 710 orere
607 655 680 711 sunt
700 649 856 730 sepientes
881 647 902 708 i.
924 665 951 706 e.
974 645 1164 724 insipienter,

252 660 569 812 hisempeffiicunt:
612 731 735 812 Dirige,
757 731 907 811 Domine,
937 732 967 788 in
1001 735 1168 808 conspectu
1222 769 1225 776 ,

252 822 303 875 tuo
337 816 423 876 viem
452 833 551 874 mecm
581 822 613 874 et
639 835 763 895 gressus
791 833 878 874 meos
911 811 1019 892 dirige.
1075 809 1169 889 Atqui

252 898 295 957 sic
316 905 402 978 oret,
424 899 529 977 utique
548 915 676 958 coecum
698 905 730 958 et
748 898 955 991 insipientem·
978 913 1047 990 sese
1060 891 1169 991 eonfi-
1277 944 1281 951 .

252 987 347 1059 tetur,
371 987 405 1041 ιιι
425 987 520 1062 potet
567 979 638 1041 Non
667 988 770 1046 eutem
791 978 912 1041 videtur
933 977 1168 1058 srbrrns1p1ens,

251 1065 337 1142 quusi
360 1063 559 1125 nihilominus
582 1064 622 1124 sit
641 1065 776 1144 sepiens.
809 1061 971 1142 Sapientes
982 1067 1095 1139 cutem,
1106 1059 1127 1123 i.
1141 1077 1169 1122 e.

250 1146 344 1225 stulti,
379 1146 503 1206 dicunt:
546 1145 794 1220 Quisostendet
832 1145 920 1206 nobis
949 1143 1050 1204 bonu?
1103 1141 1168 1204 Nos

203 1279 206 1284 .
249 1249 354 1289 sumus
374 1228 457 1308 quod
479 1248 599 1308 sumus,
631 1232 700 1310 piae
728 1228 907 1290 intentionis
929 1233 960 1286 et
980 1233 1084 1287 rectae
1106 1224 1168 1286 dio-

249 1319 353 1372 tcmen
376 1313 504 1373 rationis
526 1313 697 1393 sequimur,
725 1314 805 1377 sicut
832 1310 940 1371 Cicero
975 1307 1014 1370 do
1047 1307 1168 1372 Senect.

248 1394 408 1475 glorietur,
430 1394 513 1474 quod
536 1396 567 1454 iu
589 1395 650 1456 hoc
672 1396 827 1476 sopientes
838 1395 909 1472 sint,
923 1392 1005 1472 quod
1017 1393 1169 1453 rationem

249 1487 396 1556 tunquam
426 1478 575 1559 optimum
604 1476 712 1538 ducem
743 1485 919 1558 sequuntur.
973 1475 1059 1536 Haec
1095 1493 1168 1556 ergo

248 1567 334 1623 rectu
354 1561 450 1641 ratio,
471 1561 533 1630 boc
555 1559 723 1640 dictamen,
744 1562 823 1623 haec
845 1559 1010 1640 prudentio
1031 1563 1168 1638 naturae,

250 1663 331 1722 quee
352 1663 434 1704 nunc
456 1663 512 1724 per
534 1646 639 1704 omnia
660 1645 778 1726 pulpito
798 1653 945 1704 resonent
966 1650 997 1705 et
1007 1642 1168 1720 iactentur,
1216 1673 1220 1694 ·

248 1729 318 1806 ipse
339 1733 388 1786 est
410 1727 562 1806 supientia
583 1734 614 1788 et
634 1728 806 1808 prudentio,
828 1727 876 1786 cui
899 1720 1061 1786 abscondit
1082 1730 1170 1804 poter
1199 1753 1200 1756 ¹

247 1829 286 1870 eo
308 1824 389 1889 quae
411 1829 466 1869 suu
487 1818 574 1888 suut,
601 1815 636 1872 ut
662 1831 730 1872 eam
759 1811 883 1874 stultum
910 1816 941 1869 et
961 1827 1045 1868 ream
1067 1807 1168 1886 iaciat,

248 1900 279 1953 et
305 1893 437 1972 gratiam
466 1891 648 1973 dirigentem
675 1912 823 1974 quaerere
854 1898 956 1973 coget.
1004 1891 1099 1952 Porro
1122 1909 1169 1952 eu-

249 1978 338 2055 piens
362 1981 394 2036 et
414 1976 591 2056 intelligens
611 1986 744 2056 possunt
764 1978 808 2038 ite
830 1975 989 2056 distingui,
1017 1973 1100 2053 quod
1121 1993 1167 2034 eu-

249 2059 337 2138 piens
360 2066 418 2137 est,
439 2060 491 2137 qui
512 2060 656 2119 iuvenum
679 2066 776 2122 estet
792 2055 920 2120 oliorum
939 2058 1092 2138 magister,
1115 2076 1169 2136 po·

249 2151 316 2200 tens
338 2140 419 2201 elios
440 2142 563 2220 docere,
585 2142 779 2224 intelligens,
807 2143 858 2220 qui
880 2160 979 2220 capax
1001 2139 1042 2213 sit
1063 2159 1169 2200 eorum

249 2243 329 2303 quee
346 2224 516 2304 truduntur,
538 2226 657 2304 utrique
673 2229 754 2285 enim
776 2226 859 2285 stulti
879 2230 949 2284 suut
965 2221 1045 2302 apud
1059 2223 1169 2284 Deum.

330 2307 382 2366 Ad
404 2306 572 2368 secundum
587 2309 801 2389 respondetur,
824 2306 906 2387 quod
917 2307 976 2366 istc
988 2305 1170 2367 abscondito

249 2391 309 2450 sint
329 2386 401 2471 ipse
422 2390 559 2453 Christus
588 2399 620 2451 et
641 2392 725 2454 Deus
752 2392 857 2469 Peter,
889 2388 943 2450 sed
971 2390 1073 2449 stetim
1101 2390 1183 2469 ipse.

250 2473 389 2534 resolvet
410 2472 529 2535 dicens:
562 2474 673 2537 Omnia
700 2474 774 2536 mibi
802 2473 912 2535 tradito
941 2479 1011 2533 sunt
1036 2490 1056 2531 a
1083 2479 1169 2552 petre

251 2575 334 2634 meo,
359 2562 390 2616 et
412 2576 504 2617 nemo
526 2558 614 2618 novit
634 2556 729 2619 filium
752 2559 810 2618 nisi
832 2564 920 2638 puter
941 2574 1041 2634 neque
1052 2562 1170 2635 patrem

250 2639 317 2718 quis
341 2641 431 2700 novit
451 2642 510 2700 nisi
531 2640 622 2720 filius,
646 2650 677 2702 et
698 2643 748 2702 oui
768 2640 848 2701 filius
870 2640 1002 2702 voluerit
1022 2638 1170 2700 revelare.

249 2722 346 2803 lgitur
367 2724 503 2802 cognitio
525 2723 584 2785 Dei
606 2732 637 2788 et
658 2725 784 2805 Christi,
812 2725 909 2785 Petris
931 2729 962 2784 et
982 2722 1065 2802 Filii,
1091 2720 1169 2783 hoec
1243 2760 1244 2763 =

249 2812 319 2865 sunt
340 2804 533 2886 absconditu,
555 2808 687 2887 inquee
706 2809 881 2889 impingunt
901 2807 1034 2867 maxime
1051 2806 1169 2886 copien-

248 2896 294 2948 tes
317 2893 351 2948 et
371 2890 480 2951 suncti.
514 2888 600 2952 Sicut
619 2891 693 2951 dicit
706 2891 882 2953 lohannes:
913 2890 954 2950 Ει
966 2889 1044 2951 hoec
1057 2890 1171 2951 facient

248 2970 338 3032 vobit
364 2971 555 3046 (occidendo
579 2974 749 3035 arbitraturi
766 2994 800 3035 se
820 2973 1000 3053 obsequium
1013 2979 1171 3054 proestare

248 3055 348 3136 Deo,)
372 3056 529 3133 quianon
552 3064 704 3118 noverunt
724 3058 857 3135 Putrem,
878 3076 978 3136 neque
1000 3076 1059 3119 me.
1093 3055 1167 3119 Ideo

249 3138 332 3197 enim
344 3136 569 3199 arbitrenturse
577 3139 757 3219 obsequium
765 3140 1008 3221 proestareDeo,
1021 3141 1171 3221 quiosunt

248 3221 405 3301 sepientes
428 3228 460 3290 et
478 3222 697 3303 intelligentes,
718 3243 782 3284 non
804 3224 937 3303 parvuli:
964 3222 1036 3285 ideo
1063 3231 1168 3305 cutem

248 3303 421 3383 sepientes,
450 3306 522 3383 quio
541 3305 620 3367 heec
641 3305 839 3386 abscondite,
872 3326 931 3366 nec
963 3307 1084 3367 Patrem
1111 3325 1170 3367 nec

248 3386 373 3466 Filium,
402 3396 604 3467 cognoscunt.
654 3386 742 3463 Quae
768 3396 816 3451 est
847 3408 921 3469 ergo
951 3390 1088 3471 cognitio
1106 3388 1169 3449 'Dei

248 3490 268 3529 ιι
298 3467 420 3530 Christo
449 3469 580 3533 tradite?
622 3470 705 3552 Ergo
739 3472 844 3533 omnic
872 3472 962 3533 nobis
995 3472 1099 3535 ableto
1138 3477 1190 3531 et·

248 3552 325 3613 nihil
366 3553 457 3613 nobis
496 3555 656 3632 relictum?
711 3554 771 3616 Ubi
797 3574 878 3636 ,ergo
913 3563 961 3617 est
996 3553 1168 3635 supientia?

248 3635 309 3697 Ubi
335 3635 472 3697 iustitio?
515 3637 575 3713 Ubi
601 3638 737 3700 veritas?
776 3639 847 3701 'Ubi
872 3638 989 3700 virtus?
1036 3636 1106 3697 Non
1136 3636 1168 3695 in

248 3719 340 3779 nobis
361 3717 418 3779 sed
439 3720 471 3779 in
493 3719 630 3800 Christo,
653 3727 740 3781 extro
760 3742 819 3782 nos
840 3722 873 3781 in
895 3722 971 3781 Deo.
1014 3719 1097 3799 Ergo
1122 3719 1168 3777 sic

247 3802 379 3882 parvuli,
402 3802 496 3881 stulti,
517 3811 708 3882 peccatores,
730 3804 912 3883 menduces,
934 3800 1062 3882 infirmi,
1097 3800 1168 3861 veni

248 3885 322 3945 iacti
339 3905 459 3963 sumus,
481 3883 554 3948 dum
574 3888 679 3948 omnio
700 3886 821 3949 Christo
845 3885 963 3946 dentur.
1003 3883 1087 3965 Ergo
1110 3902 1168 3945 neo

248 3968 372 4029 Putrem
393 3969 452 4029 nisi
466 3969 576 4049 Filius,
597 3988 656 4032 nec
676 3969 786 4030 Filium
808 3970 866 4031 nisi
887 3968 977 4029 Peter
997 3966 1169 4051 cognoscit,
