3075 4750
603 465 714 524 blinelui
729 464 890 524 smmum
904 503 917 524 ι.
934 500 938 524 ι
953 485 958 526 ι
1164 418 1207 536 ‚db

371 631 419 696 Ns
445 633 621 713 igiturtnnr
647 635 839 714 praeclarum
867 633 1057 714 &muitum
1072 639 1106 699 et
1131 637 1207 700 tanti

292 717 379 795 pretii
398 716 563 782 ,thesaurus
585 718 707 797 periret,
730 717 786 780 sed
803 723 1008 794 exstaretst
1026 716 1057 775 in
1071 718 1208 783 omnium

254 871 258 876 μ
291 799 411 878 piorum
433 799 574 867 manibus
594 808 688 879 esset,
709 800 811 878 etad.
826 801 1038 885 posteritatem
1059 800 1127 862 siue
1143 818 1207 860 eon

289 880 417 961 ruptelis
439 881 478 944 ab
500 883 634 948 humana
655 885 808 964 sapientia
828 883 973 949 admixtis
989 883 1205 944 trasmittere-

289 971 351 1042 tur,
383 967 560 1029 necesnurio
583 973 615 1026 et
641 967 766 1029 sulcari
785 966 925 1033 .consilio
946 965 1025 1028 haec
1051 963 1147 1029 editio
1174 965 1208 1025 li-

174 1059 182 1074 ‘
290 1046 414 1108 brorum
436 1048 607 1112 D.Lutheri
628 1049 912 1126 adornamentis)
934 1045 995 1127 uun
1013 1040 1116 1116 leesor.
1133 1047 1209 1112 nihil

288 1131 498 1209 peregrinum,
520 1139 574 1192 eut
598 1132 725 1194 aliunde
750 1133 948 1212 importatum
976 1131 1125 1210 reperiet,
1152 1130 1208 1202 sed

288 1213 390 1292 ipsam
412 1231 522 1278 vocem
544 1213 670 1282 Luthcri
690 1235 768 1294 pune
796 1216 1024 1293 etinoorrupte
1045 1221 1208 1279 sonantem

289 1294 404 1372 audiet,
426 1303 519 1374 atque
540 1316 580 1359 ex
602 1316 712 1360 escon
736 1297 837 1372 solum
857 1297 898 1361 de
911 1295 1207 1368 excellentibusde
1252 1357 1260 1367 ,

288 1379 345 1454 nis,
370 1378 478 1455 quibus
500 1381 547 1438 vir
558 1380 613 1440 Dei
628 1388 752 1442 ornatus
765 1381 830 1459 fuit,
851 1379 987 1441 iudicare
1008 1378 1208 1457 poterit,‚.sed

289 1461 382 1518 etiam
392 1459 431 1520 de
442 1462 638 1522 incrementis
647 1464 818 1542 sapientiae
828 1462 1002 1542 spiritualis,
1015 1461 1208 1540 eundemque

289 1542 457 1622 prudenter
478 1552 509 1604 et
531 1545 674 1605 ardenter
695 1544 858 1605 discernat
873 1545 912 1604 ab
935 1542 1002 1603 aliis
1019 1543 1207 1621 doctoribus,

289 1627 340 1704 qui
362 1627 612 1704 persuasibilibus
635 1629 788 1688 humanae
809 1628 978 1707 sapientiae
1006 1625 1110 1686 verbis
1138 1644 1208 1684 suas

288 1709 458 1768 sententias
480 1710 519 1770 de
540 1711 691 1790 religione
721 1711 760 1770 ad
787 1711 946 1771 hominum
969 1709 1143 1769 voluntates
1165 1711 1208 1767 in-

288 1788 430 1869 flectunt,
461 1798 493 1851 ut
522 1793 552 1851 in
576 1793 806 1871 perturbatione
835 1791 1022 1873 reipublicae
1044 1792 1110 1851 sine
1131 1794 1208 1871 peri-

288 1872 359 1933 culo
383 1874 488 1934 vivere
509 1876 638 1955 possint.

371 1955 447 2015 Nam
471 1957 641 2038 Evangelii¹
661 1958 802 2018 doctrina
829 1965 878 2017 est
899 1955 1030 2017 ‘verbum
1060 1957 1157 2016 crucis
1179 1963 1210 2016 et

288 2037 442 2116 scandali,
462 2039 623 2102 offendens
647 2040 840 2101 diabolorum
864 2048 895 2100 et
916 2040 1072 2100 hominum
1089 2039 1208 2118 sapien·

288 2123 372 2196 tiam,
396 2123 447 2199 qui
460 2123 600 2184 omnibus
613 2123 803 2202 temporibus
816 2123 1018 2202 Evangelium
1037 2121 1075 2182 de
1087 2120 1208 2182 Christo

288 2206 442 2264 concinne
463 2206 654 2286 interpretari
677 2214 800 2283 norunt,
822 2213 854 2266 et
873 2205 1058 2266 dexteritate
1075 2204 1208 2284 explica-

289 2287 468 2348 tionis·uon
492 2289 584 2350 modo
607 2289 769 2350 Lutherum
794 2296 825 2349 et
844 2288 1017 2368 apostolos,
1039 2287 1092 2347 sed
1117 2289 1209 2347 etiam

289 2368 449 2430 Christum·
471 2392 621 2433 summurn
647 2374 799 2434 eeclesiae
820 2371 978 2433 doctorem
1008 2390 1042 2430 se
1064 2390 1209 2449 superare

288 2471 382 2532 posse
395 2457 558 2533 somniant,
582 2458 671 2535 eique
693 2466 838 2534 tanquam
856 2472 951 2533 puero
970 2453 1098 2511 discenti
1112 2454 1210 2531 prima

289 2536 444 2596 elementa
467 2539 610 2601 meliores
633 2539 672 2599 de
705 2537 867 2618 disciplina
889 2536 1100 2596 ecclesiastica
1122 2534 1208 2614 leges
1277 2547 1281 2554 '

288 2618 369 2678 ferre
383 2618 541 2699 conantur,
564 2628 597 2681 ut
618 2620 748 2681 vereda
769 2622 844 2700 ipsis
867 2620 926 2680 dici
939 2618 1052 2699 possit:
1096 2615 1208 2679 Justifi-

289 2708 361 2761 cata
382 2710 432 2761 est
451 2705 603 2784 sapientia
624 2724 642 2764 a
663 2703 733 2763 liliis
756 2704 828 2763 suis.
1196 2707 1199 2711 ’

373 2785 478 2863 ltaque
499 2787 611 2847 Paulus
635 2787 712 2847 tales
735 2787 880 2847 doctores
903 2784 1040 2865 appellat
1066 2784 1208 2843 inimicos

290 2868 387 2927 erucis
413 2867 524 2928 Christi
554 2876 585 2929 et
608 2870 762 2949 mancipia
784 2868 906 2929 ventris.
951 2867 1027 2926 Cum
1050 2867 1129 2925 enim
1153 2865 1206 2926 do-

290 2949 380 3009 cendi
408 2952 558 3011 rationem
587 2953 626 3012 ad
654 2953 812 3013 hominum
841 2949 968 3010 affectus
996 2951 1210 3028 obtemperent,

290 3033 420 3091 ministri
445 3034 519 3093 iesu
551 3034 663 3095 Christi
690 3054 760 3095 esse
793 3041 964 3111 nequeunt,
998 3034 1069 3109 quin
1095 3051 1157 3090 non
1179 3029 1211 3089 id

289 3121 394 3194 agunt,
418 3122 450 3175 ut
471 3118 547 3178 tales
571 3120 632 3178 sint
654 3119 759 3197 quales
782 3117 886 3177 haberi
907 3116 1045 3193 volunt„
1059 3115 1112 3174 sed
1141 3120 1212 3173 sunt

290 3200 402 3257 servuli
430 3202 557 3276 ventris,
586 3202 636 3279 qui
666 3200 818 3281 evangelii
847 3199 1017 3259 doctrinam
1041 3199 1085 3256 sic
1108 3196 1210 3257 mode-

289 3289 411 3358 rantur,
433 3290 466 3342 ut
488 3302 594 3361 pacem
618 3291 649 3343 et
671 3283 919 3361 tranquillitatem
943 3282 1105 3358 retineant,
1128 3279 1210 3358 quod

289 3362 356 3423 fieri
384 3364 468 3425 nullo
505 3364 600 3426 inodo
635 3386 728 3445 posse
756 3366 893 3425 Christus
921 3364 1071 3423 Dominus
1103 3370 1212 3423 noster

289 3445 423 3505 affirmat
443 3449 598 3527 inquiens:
621 3450 690 3509 Non
703 3450 773 3507 veni
791 3467 898 3528 pacem
918 3448 1047 3530 mittere,
1070 3445 1125 3505 sed
1148 3444 1211 3524 gla-

289 3529 384 3605 dium,
407 3528 437 3587 id
460 3537 517 3607 est,
540 3532 613 3591 volo
634 3531 797 3591 ecclesiam
822 3550 920 3591 meam
944 3530 1027 3589 cruci
1041 3528 1210 3588 subiectam

254 3657 259 3673 .
289 3631 369 3689 esse,
392 3612 462 3671 ideo
475 3614 555 3673 enim
569 3614 649 3691 veni,
665 3621 698 3673 ut
710 3633 885 3693 separarem
897 3613 1003 3673 Filium
1020 3612 1140 3672 al'atre
1152 3617 1210 3671 etc.

290 3726 292 3734 =
374 3694 500 3755 Summe
520 3697 613 3777 igitur
635 3696 842 3757 conclusionis
865 3695 942 3755 haec
964 3701 1025 3772 est,
1047 3713 1109 3752 non
1131 3692 1212 3754 bene

289 3779 457 3838 convenire
485 3798 544 3838 nec
570 3781 601 3839 in
622 3799 684 3841 uua
713 3778 788 3839 sede
819 3780 930 3839 morari
954 3776 1152 3856 ,evangelium
1181 3778 1231 3836 et*

290 3879 399 3939 pacem
423 3861 589 3939 politicam.
614 3861 743 3936 Quoties
767 3864 848 3921 enirn
870 3880 933 3921 vox
946 3859 1211 3939 evangeliisonet,

290 3944 488 4025 hypocritae,
512 3946 563 4025 qui
585 3944 681 4007 falsos
713 3944 812 4007 cultus
840 3943 1020 4029 detendunt,
1045 3951 1211 4021 queruntur
