3075 4750
344 483 409 553 264
741 486 879 539 Praelatio

345 654 471 735 quando
498 652 671 733 baptizatur
694 652 799 733 mirati,
836 652 880 711 ite
900 650 993 731 ‘quod
1023 649 1078 711 libi
1108 649 1276 711 decedenti

346 739 472 800 alannae
493 737 555 795 rint
575 743 685 815 portae
706 754 875 815 poenarum
899 741 930 794 et
942 735 1003 794 aiut
1015 740 1142 812 apertae
1159 734 1275 793 ianuae

345 820 479 902 paradisi
501 818 696 897 deliciarum,
719 818 819 896 quod,
854 818 965 877 sinon
988 817 1146 894 morieris,
1184 816 1275 876 salva

346 906 388 967 nit
406 904 467 963 iata
489 902 597 981 gratia,
621 900 745 979 quaudo
758 900 835 961 aliae
849 900 941 959 fueris
958 900 989 958 in
1007 900 1114 958 mortio
1130 898 1274 959 articulo.

345 986 383 1051 ln,
400 985 529 1046 nomine
548 983 647 1043 Patris
668 989 701 1043 et
720 984 788 1043 Filii
810 991 841 1042 et
863 981 993 1061 Spiritus
1013 982 1121 1044 sanati.
1160 982 1274 1041 Amen.
1378 1046 1379 1049 Ἴ

766 1066 822 1127 Fr.
858 1065 1055 1147 lohannes
1083 1063 1235 1141 Tetnel,
1356 1139 1360 1143 .

750 1146 969 1209 Suboommisa.
999 1165 1096 1226 mppr.
1118 1147 1255 1225 scripsit.

429 1311 538 1373 Altera
562 1311 788 1392 indulgentias*
802 1312 996 1391 plenissimae
1024 1312 1055 1370 in
1083 1309 1276 1371 Germaniae

346 1396 515 1477 provinciis
536 1394 734 1474 praedicandi
755 1414 794 1455 ao
815 1393 994 1454 venditandi
1015 1396 1157 1473 potestas
1181 1414 1203 1454 a
1222 1394 1276 1455 Le-

347 1498 410 1539 one
442 1478 470 1538 X
513 1497 597 1557 papa
632 1479 800 1539 commissa
832 1484 881 1547 ent
907 1494 990 1536 auno
1020 1479 1098 1539 1517
1129 1476 1276 1555 Alberto‚

346 1561 621 1641 Magdeburgennin
648 1567 680 1620 et
700 1560 902 1639 Moguntinae
931 1558 1013 1618 sedis
1034 1558 1276 1639 arehiepiaoopo

346 1644 538 1724 prinoipique
564 1644 707 1720 aleatori,
735 1651 767 1702 et
788 1641 965 1703 Guardiano
993 1641 1120 1701 fratrum
1155 1642 1276 1702 ordinis

347 1728 500 1788 urinorunr
519 1724 560 1787 de
572 1726 772 1788 observantia
783 1724 1147 1804 oouventuslloguntini.
1172 1724 1276 1799 Quum

347 1828 422 1870 vero
459 1815 570 1887 postea
602 1809 878 1869 F'ranoisoanorum
913 1805 1107 1867 Guardiauun
1143 1826 1275 1887 operam

346 1891 419 1952 huie
445 1891 572 1969 negotio
600 1890 756 1970 denegare
807 1891 978 1969 eoepieaet‚
1011 1888 1178 1968 Albertus,
1225 1892 1275 1969 qni

348 1980 412 2033 tum
457 1972 538 2031 hano
578 1992 643 2031 rem
687 1972 841 2053 agendam
883 1979 976 2050 atque
1026 1973 1276 2051 promovendam

347 2053 648 2133 nolus'nueoeparat‚
670 2056 738 2119 lo„
762 2055 950 2132 Tenelium,
975 2054 1075 2115 ordini
1095 2055 1276 2115 Dominioa·

347 2156 457 2198 norum
478 2136 675 2217 adscriptum,
698 2139 750 2217 qui
772 2138 1057 2216 eloquentissimum
1079 2144 1112 2197 et
1125 2139 1274 2211 perantia·

347 2221 459 2281 nimum
481 2219 738 2299 indulgentiarum
759 2238 948 2299 praeconem
968 2221 1029 2279 iam
1053 2220 1104 2279 diu
1127 2238 1163 2297 ae
1184 2238 1273 2300 prae·

348 2304 468 2363 etiterat
500 2310 532 2362 et
562 2302 636 2363 inde
663 2303 702 2363 ab
731 2322 817 2363 auno¹
846 2306 923 2365 1515
956 2303 1048 2362 etiarn
1085 2302 1273 2381 haereticae,

348 2406 440 2466 quam
468 2385 629 2463 dicebant,
655 2387 815 2465 pravitatis
843 2386 1031 2466 inquisitoris
1058 2405 1186 2446 munere
1209 2389 1274 2446 fun·

349 2468 488 2549 gebatur‚
510 2469 542 2527 iu
564 2469 710 2528 auxilium
733 2469 894 2529 aroenaivit
915 2475 1007 2546 atque
1030 2467 1301 2547 Suboommisaffi

349 2553 428 2611 rium
449 2551 626 2632 g‘eneralem
648 2551 687 2611 ad
716 2551 932 2628 exsequendae
957 2549 1185 2632 indulgentiae,
1216 2571 1272 2632 pro

348 2633 477 2693 basilion
497 2631 527 2693 S.
550 2633 630 2692 Petri
651 2633 830 2694 fabricanda
858 2653 877 2692 a
907 2651 987 2712 papa
1020 2651 1207 2711 concessas,
1242 2635 1272 2692 in

350 2717 438 2775 terris
467 2714 524 2774 eibi
553 2714 680 2783 subditis
703 2717 873 2776 constituit:
913 2715 1176 2795 Indulgentiaruru
1208 2717 1272 2776 lite-

349 2817 400 2858 ras
420 2797 576 2858 Tetaelius
597 2816 694 2876 uaque
714 2799 756 2858 ad
774 2807 910 2858 mensem
923 2797 1135 2876 Septembrem
1149 2802 1273 2862 adol?

259 2887 264 2894 ’
350 2879 406 2940 aub
428 2879 657 2952 uniueAlberti
677 2882 803 2940 nomine
825 2879 1059 2942 eironmferebat
1086 2886 1184 2960 atque
1202 2901 1274 2940 ren-

349 2961 486 3039 ditabat,›
499 2967 611 3040 poetea
624 2962 680 3022 nub
698 2982 755 3023 nuo
767 2965 862 3042 ipsius
875 2965 1000 3022 nomine
1011 2963 1273 3044 indulgentiarum

347 3043 521 3122 diplomata
546 3043 674 3117 edebat,
701 3046 839 3124 inprimis
867 3047 898 3104 in
927 3045 1105 3125 regionibus
1138 3047 1274 3106 civitatis

349 3125 634 3206 llagdeburgenaia‚
656 3127 765 3203 Halae,
788 3127 929 3204 Zerbatii,
951 3128 1130 3206 luterbooii,
1150 3130 1275 3189 ceteris-

351 3227 411 3287 que
434 3208 526 3287 loois,
550 3227 630 3288 quae
652 3210 872 3290 Vittenbergae
895 3210 1170 3288 eirourniaoebant,
1199 3211 1275 3271 alte·

350 3308 479 3370 mmque
499 3293 567 3370 ipae
591 3290 706 3353 ordinis
727 3292 975 3372 praedicatorum
998 3293 1201 3371 monaohum,
1225 3293 1275 3353 oui

350 3393 465 3434 nomeu
487 3380 553 3433 erat
574 3373 831 3452 Bartholomaeo‚
862 3373 901 3436 ad
923 3375 984 3436 hoo
1005 3377 1163 3455 negotium
1187 3395 1275 3436 exer·
1378 3383 1379 3404 t

350 3456 480 3516 nendum
504 3455 810 3517 Suboommiaearium
836 3456 893 3518 sibi
916 3459 1034 3518 aseivit.
1378 3461 1379 3522 1

357 3578 361 3590 ·
433 3539 533 3599 Unam
566 3558 606 3598 ex
638 3539 896 3618 indulgentiarum
925 3541 1081 3619 epistolis,
1115 3558 1194 3618 quae
1217 3541 1275 3602 nub
1378 3577 1379 3582 κ

160 3613 174 3651 l'
245 3696 248 3700 „
349 3620 469 3682 Alberti
491 3623 618 3681 nomine
643 3622 867 3702 archiepiscopi
895 3629 926 3683 et
947 3622 1114 3684 Guardiaui
1136 3623 1276 3683 Francis·
1378 3621 1379 3688 ζ

350 3720 497 3764 canorum
525 3703 805 3784 Mogontinenainm
829 3705 920 3766 datae
939 3711 1032 3784 eunt,
1064 3705 1222 3766 Loesohor
1243 3707 1275 3766 in

350 3785 484 3846 Reform.
506 3786 575 3846 Aet.
597 3787 621 3864 l,
642 3807 669 3866 p.
693 3790 754 3851 388
780 3806 847 3866 sqq.
877 3788 1037 3850 nobiseum
1066 3791 1274 3849 communica·

351 3868 403 3942 vit,
425 3868 555 3928 eandem
578 3875 670 3947 quam
692 3871 804 3930 Paulus
827 3869 978 3932 Seideliun
1002 3872 1031 3930 in
1054 3871 1128 3931 Vita
1148 3871 1275 3932 Lutheri
1324 3871 1326 3879 ’
1378 3891 1379 3904 ’

350 3968 381 4028 p.
405 3954 423 4012 3
447 3953 518 4012 etl
549 3952 664 4030 primus
699 3955 730 4012 in
761 3954 861 4012 luoern
892 3953 997 4014 edidit.
1046 3953 1122 4014 (lum
1150 3953 1222 4034 hae,
1251 3955 1277 4014 si
1378 3985 1379 4008 ι
