3075 4750
559 461 588 516 F.
609 461 741 518 Iohannis
759 461 883 519 Tetnelii.
1126 461 1189 553 309

259 637 292 692 ut
318 635 500 774 magistram
528 649 631 710 suam,
661 638 692 692 et
719 652 781 697 nou
805 634 961 719 propriam
982 633 1187 716 phantasiam,

260 715 348 793 sequi
392 716 516 776 ebeant.
816 785 820 796 ι
1187 716 1191 724 ’

344 817 387 886 28
430 819 571 902 Docendi
599 827 671 885 suut
692 821 875 900 Christiani,
908 821 993 902 quod
1014 823 1188 901 quicunque

262 901 412 962 adversus
446 901 584 984 regulam
623 905 773 966 veritatis·
797 905 970 969 catholicae
1008 905 1188 984 opinionem

262 1003 350 1048 suam
384 1003 565 1066 perversam
582 993 699 1068 ,atqua
714 1007 842 1068 pravam
864 989 1061 1068 pertinaciter
1084 987 1188 1052 defen.-

260 1068 314 1146 dit,
336 1068 511 1157 haereticus
533 1070 573 1130 sit
595 1071 781 1148 censendus,
803 1078 895 1149 atque
916 1071 957 1133 ab
971 1070 1115 1144 omnibus
1129 1090 1187 1152 pro

261 1151 315 1212 tali
338 1151 575 1232 praedicandus.

344 1255 404 1338 29)
428 1256 567 1322 Docendi
603 1263 673 1318 sunt
708 1259 889 1334 Christiani,
921 1257 1005 1338 quod
1037 1258 1188 1320 docmes

260 1338 378 1418 aliquid
401 1346 547 1420 tanquam
570 1347 701 1410 certum,
725 1341 807 1420 quod
830 1350 883 1401 aut
904 1341 1039 1419 radone,
1062 1341 1112 1401 vel
1135 1361 1187 1402 au·

260 1422 575 1566 {prpppsseffieaciter
597 1443 659 1484 non
677 1431 782 1504 potest
793 1423 928 1504 probari,
950 1425 1103 1484 temerarii
1117 1431 1188 1484 sunt

344 1607 402 1678 30)
427 1605 566 1667 Docendi
595 1615 666 1669 suut
687 1607 866 1688 Christiani,
899 1606 982 1687 quod
1012 1613 1186 1668 asserentes
1292 1649 1298 1658 ·

260 1689 445 1832 aliqpando,
475 1708 554 1769 quae
582 1697 652 1751 sunt
678 1691 772 1772 falsa,
799 1711 855 1771 pro
886 1691 1023 1751 erroneis
1053 1698 1124 1751 suut
1145 1696 1186 1751 te-

260 1791 321 1833 nen
345 1793 365 1832 1.

347 1869 406 2016 313
428 1871 571 1934 Docendi
593 1879 664 1936 suut
687 1873 861 1952 Christiani,
884 1873 967 1954 quod
989 1872 1186 1935 detrahentes

260 1955 353 2016 alicui
399 1953 523 2029 delium,
545 1956 594 2016 vel
617 1957 745 2019 notabili
759 1957 852 2017 alicui
861 1976 1025 2038 personae,
1048 1957 1186 2018 iniuriosi

261 2045 332 2101 suut
355 2038 511 2100 censendi.

195 2128 197 2133 '
343 2123 401 2190 32)
427 2120 567 2183 Docendi
596 2127 667 2182 sunt
689 2121 869 2202 Christiani,
908 2122 992 2203 quod
1014 2122 1185 2184 scribentes

258 2203 505 2284 propositiones,
545 2222 625 2283 quae
658 2206 765 2266 ruinae
805 2205 1003 2266 occasionem
1036 2204 1187 2286 praebent

258 2285 464 2365 auditoribus,
498 2288 637 2366 quamvis
673 2306 742 2347 curn
781 2286 1013 2349 modificatione
1041 2286 1187 2349 adiuncta

259 2370 334 2447 sint,
365 2388 439 2430 vere
467 2369 591 2431 tenendi
623 2377 709 2450 sunt,
741 2391 781 2432 ex
810 2390 871 2451 quo
899 2368 1041 2433 absolute
1064 2379 1095 2432 et
1116 2372 1184 2432 siue

260 2450 492 2514 modificatione
512 2452 715 2533 proferuntur,
739 2474 795 2535 pro
814 2454 1027 2532 scandolosis,
1052 2454 1182 2515 malese-

258 2534 413 2614 nantibus,
436 2554 473 2596 aa
494 2536 612 2617 piarum
634 2538 751 2597 aurium
774 2536 948 2613 offensivis,
970 2556 1009 2598 eo
1032 2537 1115 2617 quod
1139 2537 1180 2596 vi-

261 2619 372 2679 dentur
393 2619 657 2699 propositionibus
679 2620 915 2683 haereticalibus
938 2622 1053 2681 favere.

344 2700 402 2771 33)
426 2701 568 2762 Docendi
590 2708 661 2762 sunt
682 2702 864 2781 Christiani,
893 2701 975 2783 quod
997 2704 1185 2763 assertiones

259 2784 435 2864 doctorum,
456 2784 539 2865 quae*
560 2785 590 2845 iu
612 2786 728 2927 populo
752 2787 886 2847 schisma
906 2785 1063 2864 inducunt,
1085 2792 1119 2846 ut
1140 2792 1187 2845 est

258 2864 433 2948 propositio
455 2866 526 2947 illa,
562 2886 643 2929 mao
666 2868 805 2949 praelato
828 2876 881 2930 aut
901 2870 1031 3010 principi
1046 2880 1116 2929 'non
1139 2875 1187 2928 est

259 2948 483 3035 obediendum,
516 2950 567 3011 vel
606 2950 689 3029 quod
711 2950 816 3031 Papae
845 2952 970 3032 suisque
1023 2950 1093 3011 ullis
1122 2970 1183 3011 nou

258 3034 298 3093 sit
321 3030 526 3104 credendum,
550 3035 675 3095 omnino
698 3040 769 3095 suut
791 3034 967 3097 seditiosae.

328 3116 402 3189 134)
426 3114 661 3180 Docendi-sunt
682 3115 863 3196 Christiani,
886 3117 968 3198 quod
992 3137 1111 3197 omnes,
1134 3118 1184 3199 qui

256 3198 353 3271 falsas
377 3198 540 3279 opiniones
562 3200 709 3281 gignunt,
739 3219 854 3279 easque
882 3202 966 3281 ipsas
1010 3202 1185 3263 ertinaciter

258 3280 438 3357 defenduut,
459 3282 587 3362 proprie·
604 3280 751 3345 haeretici
773 3290 844 3345 sunt
861 3221 1017 3345 censendi.

222 3379 227 3385 '
343 3362 402 3443 35)
426 3362 567 3425 Docendi
589 3374 665 3426 sunt·
682 3363 861 3444 Christiani,
884 3366 968 3447 quod
991 3384 1109 3440 omnes,
1132 3366 1184 3445 qui

257 3452 439 3526 contemptu
461 3445 585 3510 divinae
605 3446 695 3529 Legis
717 3450 884 3529 pertinacis
907 3449 1017 3511 erroris
1031 3453 1110 3526 sunt,
1134 3446 1183 3507 vel

257 3531 448 3607 inventores,
470 3549 524 3590 seu
547 3530 639 3591 alieni
664 3538 849 3613 sectatores,
871 3534 984 3612 quique
1006 3530 1105 3611 magis
1128 3549 1181 3591 vo-

256 3611 323 3674 lunt
346 3610 518 3674 catholicae
539 3613 659 3677 veritati
682 3613 848 3692 adversari,
871 3635 961 3699 quam
985 3613 1102 3691 subiici,
1125 3631 1182 3692 pro

255 3694 423 3755 haereticis
446 3694 624 3777 simpliciter
645 3704 716 3761 sunt
740 3696 896 3759 censendi.

341 3774 400 3860 36)
425 3776 565 3839 Docendi
587 3787 658 3841 sunt
679 3779 854 3857 Christiani,
876 3778 959 3861 quod
981 3796 1090 3844 omnes
1106 3778 1182 3840 alio·

257 3880 324 3921 rum
358 3858 560 3923 defendentes
583 3882 733 3941 errorem,
764 3881 803 3923 eo
827 3863 910 3943 quod
931 3881 994 3923 non
1017 3860 1117 3922 solum
1139 3880 1183 3921 er·

256 3951 346 4023 rant,
368 3942 423 4003 sad
446 3942 513 4008 aliis
536 3944 628 4005 etiam
652 3946 763 4007 enoris
788 3943 974 4007 offendicula
987 3948 1183 4026 praeparant,
