3075 4750
587 495 620 551 n.
639 497 749 550 ιιιιιιιι
764 465 888 552 innan.
1141 495 1204 561 317

354 661 420 759 23)
445 659 510 726 Nec
532 671 580 726 est
601 670 721 743 vesum,
738 665 822 745 quod
835 666 1204 744 actusooncupiscentiae

275 747 377 826 possit
400 745 535 810 ordinari
556 769 611 829 per
632 751 774 809 virtutem
796 749 871 829 spei.
914 747 1034 812 Oontm
1054 747 1133 810 um.

360 829 422 907 24)
445 827 526 904 Quia
547 851 618 912 spes
638 849 699 892 non
724 840 772 892 est
792 840 901 892 ιοιιιιι
922 833 1095 910 caritatem,
1125 843 1221 911 quae·

276 911 394 991 solum,
417 931 497 992 quae
518 916 575 976 Dci
597 920 683 994 sunt,
706 917 825 994 quaerit
845 924 877 975 et
897 916 990 994 cupit.

362 998 421 1064 25)
448 997 526 1095 Spes
545 1017 609 1059 non
628 999 712 1058 venit
733 1017 773 1059 ex
791 999 927 1076 'meritis,
949 997 1004 1058 sed
1027 1017 1066 1058 ex
1087 1000 1204 1078 passio-

278 1079 369 1140 nibus
411 1083 519 1142 merita
558 1081 795 1143 destituenibus.
854 1081 970 1142 Contra
1007 1099 1094 1140 osum
1131 1081 1204 1142 mul·

277 1172 391 1222 torum.
1075 1189 1079 1204 ·

361 1246 421 1328 26)
447 1250 541 1311 dctus
562 1249 717 1308 amicitiae
739 1267 802 1309 nou
825 1248 1120 1328 estpert‘ectissimns
1142 1265 1205 1310 mo-

277 1329 334 1390 dus
357 1329 489 1390 faciendi
512 1330 595 1410 quod
618 1333 716 1392 estin
740 1350 785 1411 se,
807 1349 866 1391 nec
886 1336 934 1390 eat
952 1330 1115 1410 dispositio
1137 1349 1204 1411 pcr-

276 1413 452 1473 fectissime·
469 1412 508 1473 ad
531 1415 660 1496 gratiam
683 1415 757 1492 Dei,
791 1421 844 1475 aut
872 1413 981 1473 modus
1004 1415 1204 1475 convertendi

277 1503 309 1556 et
330 1496 600 1576 appropinquandi
620 1496 659 1558 ed
682 1496 791 1558 Deum.

362 1579 421 1660 27)
446 1579 507 1640 Sed
530 1585 577 1641 est
603 1587 689 1640 actus
718 1582 779 1640 iam
805 1580 960 1660 perfectae
981 1582 1206 1661 conversionis,

278 1669 422 1742 tempore
445 1669 477 1722 et
498 1669 606 1722 natura
627 1665 782 1743 posterior
802 1664 911 1743 gratia.

366 1746 426 1819 28)
450 1745 523 1805 illae
545 1748 742 1807 autoritates:
787 1746 1008 1806 Convertimini
1031 1745 1070 1806 ad
1093 1767 1152 1823 me,
1174 1754 1207 1808 et

280 1837 447 1888 convertar
467 1828 507 1888 ad
520 1829 690 1890 vosltem:
723 1828 978 1909 Appropinqnate
999 1829 1077 1907 Deo,
1099 1838 1132 1890 et
1152 1836 1221 1911 ap-‘

276 1911 499 1991 propinquabit
527 1911 624 1972 vobis.
652 1914 743 1972 item:
788 1911 949 1990 Quaerite
982 1919 1013 1972 et
1033 1914 1206 1978 invenietis

277 1993 371 2055 Item·
416 1993 449 2055 Si
471 1995 661 2074 quaesieritis
683 2013 747 2073 me,
776 1997 916 2055 inveniar
935 2015 955 2054 a
975 1995 1080 2074 vobis,
1116 2003 1148 2056 ιι
1167 1997 1205 2056 ιιι

277 2077 413 2156 similes,
435 2076 468 2138 Si
490 2076 611 2139 dicatur
626 2078 672 2154 ¹),
695 2078 778 2158 quod
801 2086 893 2138 unum
916 2083 1053 2157 naturae,
1074 2080 1204 2140 alterum

277 2157 397 2242 gratiae
420 2159 474 2236 sit,
504 2161 578 2221 nihil
601 2124 699 2241 aliud,
722 2181 815 2241 quam
837 2160 920 2241 quod
943 2161 1100 2243 Pelagiani
1122 2162 1205 2223 dixe-

278 2250 363 2323 runt,
386 2245 540 2305 asseritur.

363 2321 440 2402 29)
448 2325 572 2407 Optima
603 2332 635 2387 et
662 2327 829 2389 infallibilis
857 2327 897 2389 ad
925 2329 1055 2409 gratiam
1076 2347 1205 2407 praepa·

277 2412 359 2471 ratio
394 2417 425 2470 et
446 2412 536 2471 unica
557 2409 720 2491 dispositio
743 2419 792 2472 est
812 2419 938 2472 aeterna
960 2413 1017 2525 Dei
1040 2411 1151 2472 electio
1174 2421 1205 2471 et

281 2492 536 2575 praedestinatio

365 2578 422 2655 30)
448 2576 497 2636 Ex
518 2582 605 2657 parte
626 2583 729 2637 autem
751 2576 902 2656 hominis,
936 2578 1009 2639 nihil
1032 2578 1091 2638 nisi
1112 2576 1204 2637 indis-

277 2661 412 2741 positio,
435 2661 496 2719 imo
518 2659 647 2720 rebellio
669 2662 802 2743 gratiae,
824 2624 953 2742 gratiam
976 2660 1142 2741 praecedit.

365 2744 423 2825 31)
449 2742 625 2803 Vanissimo
664 2754 840 2805 commento
869 2743 994 2806 dicitnr:
1037 2744 1205 2805 Praedesti·

279 2834 372 2887 natus
394 2832 501 2969 potest
520 2825 710 2904 damnari,
701 2846 732 2887 ιιι
755 2846 849 2887 seusu
871 2826 986 2907 diviso,
1009 2826 1063 2888 sed
1086 2846 1149 2889 non
1173 2829 1204 2887 in

279 2910 469 2989 composito
512 2908 629 2970 Contra
650 2908 871 2973 Scholasticos.

365 2994 422 3066 32)
448 2991 529 3052 Nihil
561 3009 684 3073 quoque
720 2992 851 3054 efficitur
885 3012 941 3073 per
970 2994 1045 3055 iilud
1074 2994 1204 3056 dictum:

280 3075 526 3137 Praedestinatio
548 3083 596 3135 est
610 3077 794 3155 necessaria,
818 3078 1003 3138 necessitate
1015 3096 1205 3193 cousequen-

279 3162 358 3238 tiae,
381 3156 520 3220 sednon
544 3160 772 3237 consequentis.

364 3243 422 3317 33)
447 3242 569 3306 Falsum
591 3248 622 3303 et
642 3241 717 3302 iilud
741 3250 798 3321 est,
821 3242 905 3324 quod
926 3245 1029 3305 iacere
1050 3242 1134 3326 quod
1157 3249 1204 3303 est

278 3329 310 3386 in
357 3344 391 3385 se
431 3326 470 3386 sit
507 3343 665 3386 removere
705 3324 868 3408 obstacula
905 3329 1032 3408 gratiae.
1088 3326 1206 3386 Contra

301 3408 443 3469 uosdam.

279 3428 298 3491 q
365 3493 422 3569 34)
450 3492 602 3570 Breviter,
634 3510 694 3553 nec
721 3500 839 3554 rectum
862 3492 1014 3553 dictamen
1038 3490 1131 3551 habet
1152 3510 1204 3551 na-

279 3584 360 3653 tura,
384 3594 442 3635 nec
462 3574 577 3636 bonam
599 3574 802 3637 voluntatem.

365 3660 422 3734 35)
447 3657 518 3718 Non
541 3665 588 3719 est
610 3676 724 3737 verum,
745 3659 830 3737 quod
850 3659 1028 3738 ignorantia
1048 3654 1205 3716 invincibi-

278 3744 316 3803 lis
338 3762 359 3803 a
381 3748 447 3803 toto
470 3749 607 3817 excusat.
650 3741 766 3803 Contra
788 3760 896 3801 omnes
918 3739 1137 3803 scholasticos.
1171 3831 1178 3843 ο

336 4009 370 4073 1)
394 4005 426 4060 In
446 4006 490 4062 ed.
511 4006 594 4062 1530:
614 4006 637 4058 si
657 4005 794 4060 dicentur,
