3075 4750
605 488 640 540 de
657 486 845 559 indulgentiis.
1124 467 1186 555 265
1239 488 1245 502 “

261 673 377 716 nomen
406 656 686 736 exsuperantius,
710 659 759 718 oui
791 676 942 719 concessa
972 664 1028 737 est,
1061 674 1186 738 prorsus
1297 723 1301 729 ,
1350 666 1355 671 “

263 739 408 817 congruit
441 738 517 799 illud
553 742 718 820 genuinum
751 741 1009 821 indulgentiarum
1041 740 1187 820 diploma,

264 820 349 899 quod
374 820 568 881 Hermannus
594 842 656 883 von
686 824 740 883 der
761 824 859 884 Hardt
891 826 923 883 in
954 824 1089 884 Historia
1121 824 1186 884 lite-

264 904 346 963 rsria
366 904 620 983 Reformatiouis,
653 906 795 968 Francos.
823 914 854 966 et
875 907 1074 986 Lips..1717.'
1091 907 1122 965 Ρ.
1144 906 1187 966 lv

263 1006 293 1066 p.
316 988 347 1063 4,
370 987 401 1044 in
424 987 557 1046 medium
570 989 697 1067 protulit
713 995 745 1049 et
763 989 847 1068 quod
861 989 1011 1071 Gottinga
1023 989 1073 1049 die
1088 991 1188 1069 prima

266 1070 382 1129 mensis
401 1069 475 1128 Julii
496 1088 523 1130 a.
548 1074 627 1134 1517
651 1071 756 1131 datum
779 1090 893 1152 magno
917 1072 1019 1152 sigillo
1043 1079 1187 1133 ornatum

264 1158 341 1229 erat,
364 1151 543 1229 quodPetri
565 1154 701 1234 apostoli
720 1162 895 1235 protomen,
918 1155 974 1215 sub
997 1174 1058 1233 qua
1071 1173 1188 1216 corona

264 1230 433 1313 clavesque
453 1236 582 1315 papales
603 1237 763 1316 suberant,
786 1257 861 1317 prae
883 1258 916 1297 se
938 1237 1056 1305 ferebat
1078 1244 1109 1297 et
1129 1238 1188 1298 hac

263 1316 495 1397 insigniebatur
515 1320 731 1399 inscriptione:
776 1320 806 1381 S.
836 1320 1000 1381 Fabrioa
1029 1320 1059 1381 S.
1080 1321 1187 1381 Petri

264 1400 311 1461 de
332 1400 445 1461 Urbe.
457 1400 495 1475 ²⁸)
528 1402 624 1461 Huius
648 1404 801 1482 epistolae
820 1410 1034 1483 argumentum
1051 1403 1112 1464 hoc
1125 1410 1186 1465 est:

346 1483 556 1562 Albertus,
590 1486 648 1545 Dei
682 1492 714 1545 et
750 1486 942 1565 apostolicae
971 1486 1053 1547 sedis
1087 1489 1186 1567 gratia

263 1565 446 1627 Sanctarum
481 1566 753 1648 Magdeburgeusis
790 1588 829 1627 ac
866 1569 1066 1649 Moguntiuaa
1105 1570 1187 1630 sedis

264 1648 536 1729 Arahiepiscopus‚
559 1651 685 1728 Primae,
708 1658 740 1710 et
759 1653 838 1710 sacri
861 1653 993 1713 Romani
1013 1653 1133 1733 imperii
1155 1654 1187 1713 in

264 1732 433 1793 Germania
464 1732 778 1812 Arobicoucellarius,
813 1734 959 1815 Princeps
992 1734 1118 1795 Elector
1149 1752 1187 1795 ac

263 1815 504 1875 Administrator
529 1815 835 1886 Helberstadensium
864 1818 1078 1896 ecclesiarum,
1111 1817 1187 1878 Mar·

263 1898 333 1957 olsio
368 1895 695 1978 Braudenburgensis‚
737 1899 938 1979 stetinensis,
975 1900 1204 1977 Pomerauiae„

263 1980 481 2056 (lumborum,
499 1980 833 2061 sclavorumque-Dux,
852 1984 1057 2064 Burggravius
1071 1983 1187 2045 Noren-

263 2063 435 2144 bergensis,
456 2064 636 2144 Rugiaeque
658 2064 813 2145 Princeps.

344 2146 387 2205 Et
400 2145 594 2207 Guardianus
612 2148 737 2207 fratrum
759 2148 876 2208 ordinis
897 2150 1050 2209 minorum
1073 2148 1111 2208 de
1135 2147 1187 2208 ob·

264 2230 421 2289 servantia
449 2231 842 2311 conventuszdloguntini,
875 2252 930 2311 per
962 2232 1190 2293 sanctissimum

263 2312 432 2372 Dominum
453 2318 593 2372 nostmm
614 2313 767 2391 Leonem,
798 2334 912 2395 papam
935 2314 1102 2392 decimum,
1135 2332 1191 2394 per

263 2396 441 2475 provincias
462 2395 755 2476 Magdeburgenses
780 2398 1043 2478 Mogontinenses,
1066 2415 1103 2456 ac
1124 2395 1189 2456 illa·

263 2498 338 2556 rum,
363 2484 396 2537 et
417 2477 700 2539 Halberstadenses
719 2481 869 2556 civitates,
893 2488 923 2541 et
938 2481 1109 2558 dioeceses,
1132 2497 1191 2538 nec

265 2579 327 2621 uon
351 2567 450 2620 terras
472 2570 505 2620 et
523 2561 595 2621 loca
615 2562 888 2623 illustrissimorum
910 2564 1099 2642 Principum,
1126 2562 1190 2620 Do·

265 2645 420 2703 minorum
438 2643 650 2703 Mascbiouum
668 2644 1009 2727 Braudenburgeusium
1028 2643 1191 2724 temporali

264 2727 412 2786 Dominio
435 2725 568 2786 mediate
591 2728 639 2787 vel
661 2728 838 2788 immediate
862 2729 1009 2806 subiecta,
1027 2727 1138 2788 Nunoii
1160 2733 1191 2786 et

265 2809 467 2870 commissarii
488 2808 528 2868 ad
546 2809 626 2870 inira
641 2812 755 2890 scripta
776 2813 952 2890 specialiter
973 2811 1109 2890 deputati
1127 2810 1191 2868 uni·

320 3049 350 3111 ⁹⁶)
370 3065 396 3100 v.
416 3047 442 3098 d.
462 3046 550 3098 Hardt
569 3046 635 3098 dicit
652 3047 687 3099 da
704 3047 826 3113 hacep.:
848 3045 1019 3099 Exhibemus
1038 3047 1190 3112 genuinum

265 3119 419 3186 diploma
436 3118 745 3186 indulgentiarum,
766 3119 801 3170 ab
820 3119 887 3185 ipsis
898 3118 1102 3171 Commissariis
1117 3117 1190 3170 veris

266 3189 384 3242 Alberto
404 3189 532 3241 Electore
551 3196 578 3240 et
597 3188 756 3242 Guardiano
776 3189 937 3257 Moguntino
957 3191 1127 3256 proiectum,
1152 3187 1191 3238 id·

265 3277 317 3328 que
343 3264 485 3328 integrum
514 3267 541 3311 et
567 3277 663 3312 verum
687 3277 748 3312 oum
774 3276 824 3311 suo
849 3261 981 3312 hacteuus
1006 3261 1054 3311 vix
1079 3261 1190 3328 cognito

266 3331 467 3402 sigillm'quod
488 3331 569 3382 huius
592 3331 801 3383 nundinationis
822 3337 869 3383 aut
888 3333 1053 3383 artificiosae
1072 3333 1191 3382 exactio·

265 3406 306 3455 nis
326 3404 467 3470 originem
486 3402 530 3454 val
548 3406 663 3470 scopum
688 3410 736 3454 ant
758 3408 1105 3474 praetextummonstret,
1135 3401 1190 3452 Fa·

265 3476 401 3528 bricam
422 3473 607 3525 Ecclesiae
625 3475 653 3526 S.
673 3475 764 3526 Petri
786 3475 824 3526 de
844 3475 942 3538 Urbe,
962 3478 1107 3540 praesente
1127 3474 1189 3538 ipso

265 3548 345 3598 Petro
371 3556 439 3596 'cum
470 3544 594 3598 clavibus
621 3548 761 3612 armisque
783 3547 918 3598 Pontificis
943 3545 1064 3596 nissimi.
1108 3542 1190 3608 Quod

265 3633 359 3671 rarum
381 3617 425 3668 his
446 3618 526 3668 annis
545 3617 676 3669 historiae
696 3617 891 3670 documentum
913 3622 976 3684 anto
989 3614 1190 3668 multosaunos
1217 3675 1220 3680 r

266 3706 300 3741 ex
319 3689 405 3744 Curia
430 3686 605 3755 Gottingensi
635 3703 684 3755 per
706 3689 847 3740 Pastorem
878 3686 1007 3739 Colerum
1033 3702 1127 3738 senem
1155 3684 1191 3736 sd

267 3777 309 3812 me
327 3762 463 3828 pervenit.
500 3758 542 3810 Ita
560 3761 615 3809 iarn
635 3767 775 3825 comparet
793 3757 919 3826 Sigillum
934 3755 1065 3808 Fabricae
1079 3755 1105 3808 S.
1117 3757 1190 3809 Petri

267 3831 298 3884 de
325 3831 417 3896 Urbe,
455 3845 510 3896 qno
530 3837 585 3880 tom
607 3832 756 3882 enormiter
776 3831 878 3881 abusus
909 3833 950 3878 est
974 3826 1129 3893 Tetselius,
1160 3833 1190 3880 ut

268 3903 358 3954 claves
378 3917 465 3969 prope
485 3917 550 3952 sues
576 3915 642 3968 prae
660 3901 851 3970 indignatione
871 3899 1018 3952 abiecisset
1036 3899 1140 3964 Petrus,
1159 3904 1190 3951 ut

266 3975 356 4026 lloses
374 3973 495 4026 tabulas.
