3075 4750
346 477 409 548 326
689 479 733 537 Da
749 479 932 552 indulgentiis

430 647 538 715 Sermo
572 649 612 713 de
642 647 839 712 Poenitentid
865 650 898 712 Ρ.
926 646 1048 710 Martini
1078 648 1194 710 Luthsr
1214 647 1275 710 ltu·

348 733 770 880 gortinmniwidenburgen.
788 769 840 794 -.
858 732 950 794 litati
964 733 1080 813 pagina
1089 733 1120 792 in
1133 733 1276 814 msrgine

371 815 454 901 geris
476 815 710 899 typographicis
733 823 782 876 est
802 822 912 877 ornata
934 823 966 876 et
983 815 1015 875 in
1027 816 1174 876 inferiore
1188 822 1277 896 porte
1375 888 1376 891 Ἴ

348 901 672 981 lrtncinscriptioncm
684 899 756 960 tert:
778 898 876 977 „Eme
885 899 957 980 lege
971 904 1004 959 ct
1014 893 1206 979 gundoini,
1220 913 1278 960 nes

348 1001 431 1046 auno
459 988 518 1044 nec
545 982 617 1044 loco
639 980 764 1059 additu,
792 999 855 1060 quo
878 983 1046 1062 impressus
1068 982 1118 1042 sit
1161 981 1198 1041 In
1217 981 1278 1041 tine

348 1067 473 1149 legitur:
523 1065 708 1146 impressum
737 1064 899 1145 Augustae
931 1065 964 1126 in
991 1063 1120 1124 aedibus
1147 1063 1277 1145 Sylvsni

348 1149 457 1210 Otmm·
468 1146 550 1229 apud
563 1147 748 1208 coenobium
763 1146 855 1207 dives
866 1145 997 1208 Ursulce
1012 1148 1056 1207 nis
1068 1146 1220 1226 Lychum.
1230 1182 1278 1208 -.

348 1233 382 1295 ln
404 1231 593 1293 bibliotheca
613 1230 775 1290 clarissimi
796 1230 887 1289 amici
905 1230 1040 1307 Lutheri,
1063 1229 1279 1310 christophori

348 1315 388 1375 tls
410 1311 573 1391 Scheuerl,
603 1311 688 1373 libris
714 1313 893 1372 intersertas
918 1314 1083 1393 reperitur,
1113 1314 1167 1391 qai
1196 1332 1279 1374 anno

350 1399 431 1462 1518
458 1398 489 1458 in
517 1395 620 1456 lucem
649 1395 845 1475 prodierunt,
874 1414 914 1455 ex
936 1412 998 1474 quo
1018 1395 1177 1456 conticere
1198 1395 1280 1474 licet

348 1481 431 1541 trutro
457 1497 630 1540 sermonem
659 1495 741 1538 suno
776 1477 888 1539 eodein
917 1479 999 1558 typis
1027 1493 1097 1538 esse
1119 1493 1280 1541 excusam.

432 1561 520 1638 tinae
542 1561 693 1622 lectiones
719 1562 876 1622 vadantes
912 1561 944 1622 in
975 1559 1115 1621 editions
1149 1561 1280 1622 lenensi

351 1647 401 1707 vel
424 1647 455 1706 in
478 1644 638 1724 Basiliensi
662 1663 689 1704 o.
715 1647 800 1708 tois·
817 1650 960 1724 repertae
981 1650 1070 1721 sunt,
1092 1643 1151 1704 lios
1170 1642 1205 1705 in
1228 1663 1280 1706 no

350 1731 391 1790 tis
418 1726 614 1825 subiecimus.
671 1726 705 1785 ln
739 1725 788 1822 ed.
806 1726 997 1822 ΙΒιιείιίιιιιοί,
1029 1743 1110 1870 Ἥκω
1138 1745 1170 1789 a.
1202 1731 1280 1824 ioli

349 1811 483 1954 mgis}
506 1809 1027 1988 illegalllnlssns⁸llitssl⁰l¹ssslns
1054 1805 1280 1954 dspiofflf

350 1978 393 2038 tia
412 1978 526 2053 sermo,
548 1976 751 2036 annotatione
774 1992 838 2034 non
859 1973 974 2051 addito,
992 1991 1073 2054 quae
1087 1976 1118 2036 in
1134 1993 1282 2037 sermone

350 2057 389 2118 do
410 2057 608 2138 indulgentiis
636 2057 762 2138 legitur,
793 2076 864 2117 cnm
891 2075 933 2117 ex
960 2058 1067 2138 lingua
1092 2057 1283 2120 Germanice

349 2143 380 2202 in
404 2141 546 2203 Latinam
569 2155 639 2200 esse
661 2157 793 2202 versum.

600 2305 622 2367 l.
666 2305 723 2365 De
744 2275 1073 2432 indulgentium

435 2470 599 2533 Sciendum
622 2471 732 2551 primo,
754 2470 838 2551 quod
850 2472 925 2532 novi
937 2478 1074 2548 autores,
1088 2478 1123 2533 ai
1134 2472 1284 2555 Magister

353 2554 588 2632 Sententiarum,
612 2552 641 2614 Β.
661 2553 808 2632 Thomas,
830 2560 862 2615 et
881 2555 991 2615 horum
1012 2556 1198 2633 irnitstoree,
1219 2565 1283 2617 tres

352 2644 455 2717 portes
484 2636 600 2697 iaciunt
627 2638 854 2715 poenitentiae,
895 2655 1008 2719 nempe
1043 2636 1284 2717 (lontritionem,

354 2719 589 2782 consessionem
611 2726 643 2779 et
661 2719 921 2781 Setisiactionem.
964 2720 1006 2780 Et
1033 2721 1175 2800 quumvis
1204 2722 1285 2782 irasc

354 2802 527 2881 distinctio,
556 2807 590 2861 ut
609 2802 668 2882 ipsi
690 2816 758 2861 eam
788 2810 983 2883 proponunt,
1014 2802 1197 2883 difficulter,
1229 2810 1284 2865 aut

354 2892 439 2946 corte
459 2885 638 2964 haudquam
660 2883 772 2945 deduci
793 2892 886 2963 queat
916 2905 956 2946 ex
983 2886 1151 2965 scripturn,
1180 2906 1285 2967 neque

354 2968 446 3028 eiiam
468 2986 509 3027 ex
538 2967 671 3046 antiquis
701 2966 893 3029 Chiistianae
924 2968 1085 3049 roligionis
1110 2970 1283 3047 autoribus,

224 3070 245 3099 ι
355 3057 541 3111 nontamen
567 3049 599 3109 id
620 3050 836 3111 inconvulsum
857 3051 1066 3131 relinquemus
1093 3052 1283 3132 impraesen-

356 3134 475 3210 tiarum,
497 3139 528 3192 ei
548 3132 685 3211 ipsorum
707 3133 903 3213 more=loqui
924 3132 1111 3195 conabimur.

396 3214 399 3228 '
441 3214 583 3275 Secundo
620 3214 742 3294 dicunt,
781 3215 895 3279 Venias
918 3235 1021 3296 neque
1052 3217 1283 3295 contuitionem,

355 3315 456 3395 neque
494 3296 722 3359 confessionem
752 3293 910 3382 adimere,
950 3299 1005 3361 sed
1040 3306 1158 3359 tontum
1196 3302 1283 3361 sotis-

353 3382 555 3543 molgtio,
578 3461 753 3524 satisfactio
777 3464 922 3525 dividitur
941 3465 974 3525 in
996 3465 1187 3543 orationem,
1209 3466 1283 3526 ieiu-

208 3560 210 3567 ’
258 3537 265 3555 ’
356 3548 456 3625 nium,
486 3553 517 3608 et
543 3545 791 3627 eleemosynam,
821 3546 873 3608 nbi
901 3549 1001 3609 oratio
1035 3563 1159 3608 omnem
1188 3550 1282 3610 animi

357 3636 484 3707 motum,
507 3629 713 3690 eiectionem
735 3630 766 3690 in
790 3649 825 3691 sc
848 3630 1062 3711 complectitor
1081 3627 1120 3690 ad
1144 3633 1281 3692 unimam

355 3714 480 3793 proprie
520 3712 717 3790 attinentem,
756 3719 791 3773 ut
817 3713 1001 3791 lectionem,
1033 3711 1282 3792 meditationem,

357 3795 544 3856 auditionem
567 3793 651 3854 verbi
674 3792 780 3873 divini,
795 3794 1053 3857 declamationem
1068 3793 1283 3877 adpopulum,

356 3876 537 3956 doctrinam,
567 3882 599 3935 et
626 3875 656 3936 id
687 3894 796 3957 genus.
844 3878 993 3940 Ieiunium
1014 3878 1155 3940 continet
1173 3882 1283 3941 ‘omnio

358 3976 453 4038 opera
475 3958 619 4020 afflictius
641 3959 751 4039 earnm,
773 3966 808 4022 ut
829 3962 961 4043 vigilios,
982 3960 1117 4047 labores,
1135 3959 1283 4025 tntum
