3075 4750
440 479 443 488 ‘
551 494 583 550 n.
600 494 732 552 tonnus
750 497 903 552 reum».
938 532 941 541 .
1116 496 1177 564 311

254 679 320 736 rum
342 663 489 742 interest,
505 671 619 726 onntrn
640 666 916 730 talss=sententiss
933 669 1186 734 exeommunica-

254 746 352 807 tanis
373 746 517 826 pluerent
537 755 590 810 aut
608 748 846 827 grandinarent,
877 758 951 816 sunt
969 769 1025 832 pro
1047 753 1179 830 perona

255 827 342 890 oibus
365 829 531 894 baeretioin
552 823 677 892 'tenendi
697 836 810 910 :atquae
825 833 866 910 ub
885 833 1030 909 omnibus
1048 833 1178 896 ¹vitandi.

339 909 399 992 45)
425 913 565 975 Ducendi
593 921 663 975 sunt
684 915 864 992 Christiani,
891 916 976 995 quod
997 918 1029 978 in
1051 917 1181 981 baereti-

255 1014 312 1056 oae
334 995 547 1056 defensionem
569 998 730 1076 pravitatis
763 1010 864 1063 nouos
885 1017 1006 1060 errores
1027 999 1181 1080 fingentes

254 1097 293 1141 se
322 1077 541 1157 defendentes,
573 1099 611 1140 so
634 1081 716 1159 quo'd
739 1082 851 1162 surrigi
872 1089 905 1142 et
924 1089 1015 1144 muta
1035 1082 1182 1146 sollieitu-

254 1160 328 1222 dine
350 1163 511 1222 veritatem
532 1163 686 1241 inquirere
699 1183 763 1224 non
776 1166 857 1224 'sunt
878 1166 990 1243 parati,
1012 1184 1068 1244 pro
1090 1168 1181 1246 perti·

254 1243 385 1305 nauibus
406 1245 523 1308 insuia
544 1245 723 1312 haeresibus
747 1247 927 1326 simpliciter
947 1255 1020 1310 sunt
1043 1248 1181 1310 tenendi.

338 1329 397 1402 46)
422 1327 562 1388 Doeandi
595 1335 666 1392 sunt
685 1329 868 1408 Christiani,
906 1330 990 1409 quod
1019 1332 1182 1394 inferiores

254 1407 378 1484 summo
393 1409 558 1491 ‘pontiden
581 1412 617 1471 st
629 1412 763 1492 aliquam
775 1414 978 1474 assertionem
992 1413 1180 1477 baeretioarn

253 1512 310 1574 per
333 1493 519 1554 sententiam
543 1493 969 1575 definieutdetsrminentqua
992 1505 1182 1558 emeterium

253 1575 338 1655 dnm,
359 1581 454 1654 atque
475 1575 553 1638 aliis¹
566 1577 738 1657 imponunt,
761 1597 823 1656 quo
846 1580 944 1658 ipsam
954 1585 1182 1658 reputentense

252 1659 452 1738 catholicam,
474 1667 549 1720 sunt
566 1660 723 1739 haeretiei,
746 1663 920 1741 pertinaoes
943 1681 1007 1722 nna
1027 1679 1096 1724 eum
1117 1680 1181 1723 onr-
1288 1665 1292 1671 '

253 1741 345 1804 nibus
368 1761 476 1803 eorum
499 1742 552 1803 tali
575 1741 825 1804 determinationi
846 1744 1115 1822 consentientibus
1136 1750 1181 1806 te·

253 1824 350 1886 nendi
373 1831 404 1884 et
424 1825 648 1906 praedicandi..
754 1831 759 1841 '

338 1905 397 1988 47)
423 1907 564 1970 Doeendi
591 1915 662 1969 sunt
684 1908 866 1988 Christiani,
899 1929 955 1971 sos
975 1911 1180 2007 pertinaciter

253 2010 380 2068 errare,
402 1992 453 2070 qui
474 1989 590 2052 habent
610 1999 799 2072 potestatem
821 1991 983 2054 resistendi
1004 1992 1182 2054 haereticae

252 2074 416 2155 pravitati,
438 2092 497 2134 neo
518 2081 620 2134 tamen
642 2076 797 2152 resistunt,
820 2082 913 2154 etque
933 2077 1072 2156 per'hoo
1093 2077 1182 2156 ipsos

252 2157 379 2219 haeresi
402 2155 617 2237 erroribusque
638 2157 752 2219 favere.

338 2239 398 2320 48)
422 2239 563 2302 Doeendi
577 2246 647 2300 sunt
658 2240 834 2319 Christiani,
858 2239 941 2319 quod
953 2241 1182 2303 haeretieorum

254 2321 459 2386 defendentes
481 2341 615 2385 errorem
638 2330 670 2385 et
690 2324 751 2386 hoo
772 2314 829 2385 dua
850 2325 991 2406 potentia
1001 2323 1182 2402 efficientes,

254 2427 295 2469 ne
324 2406 365 2467 ed
394 2427 502 2468 manus
523 2407 631 2469 iudiois
653 2409 780 2469 veniant
800 2406 1015 2482 examinandi,
1049 2425 1106 2489 pro
1130 2426 1181 2467 ex-

254 2491 501 2569 eommunioatis,
524 2492 602 2551 etsi
625 2510 687 2551 non
709 2492 784 2551 satis
806 2491 935 2551 fecerint
954 2489 1033 2550 infra
1054 2509 1179 2567 annum,

252 2576 323 2654 ipso
346 2574 413 2633 iure
435 2591 492 2653 pro
513 2573 676 2635 infamibus
698 2581 769 2634 sunt
791 2568 927 2651 tenendi,
950 2572 1002 2650 qui
1015 2572 1109 2633 etiam
1125 2591 1184 2652 per

251 2658 327 2717 iuris
350 2656 485 2735 oapibrla
505 2654 679 2717 terribiliter
702 2656 804 2716 multis
819 2656 992 2736 pleotentur
1005 2656 1127 2736 poenis,
1149 2656 1181 2714 in

255 2740 397 2801 omnium
417 2738 576 2799 hominum
599 2746 759 2800 terrorem.
1214 2810 1218 2819 Ι

278 2888 281 2893 ,
340 2822 401 2897 49)
423 2820 564 2883 Doeendi
586 2829 664 2883 sunt
687 2822 867 2897 Christiani,
899 2840 938 2881 ne
965 2822 997 2883 in
1020 2819 1081 2881 fide
1103 2820 1185 2880 eirea

254 2924 360 2986 papae
391 2905 588 2965 autoritatem
615 2906 760 2985 ipsasque
782 2904 988 2984 indulgentias
1016 2920 1056 2963 ex
1078 2902 1184 2963 baere-

255 2990 388 3049 tioorum
410 3006 447 3047 ao
468 2988 671 3067 pertinacium
694 3007 769 3048 ausu
792 2994 991 3063 moveantur,
1014 3004 1077 3047 non
1100 2987 1183 3046 eninr

255 3073 325 3151 pius
348 3070 498 3133 Dominus
521 3068 647 3132 etfleus
670 3077 777 3131 noster
797 3070 943 3130 haereses
966 3069 1038 3130 oriri
1060 3070 1182 3149 permit-

251 3160 351 3231 teret,
382 3154 441 3213 nisi
469 3171 575 3215 eorum
598 3160 669 3221 ortu
689 3152 760 3213 fidei
784 3153 897 3213 veritas
920 3154 1018 3234 magis
1042 3151 1183 3231 liqueret,

257 3242 289 3297 et
310 3255 371 3297 uos
389 3235 511 3299 brutam
533 3256 589 3317 per
610 3230 671 3297 hoe
693 3236 893 3297 evaderemus
922 3235 1101 3311 infantiam,
1130 3233 1185 3293 sed

256 3319 362 3398 potius
386 3325 530 3379 maneant
551 3320 633 3379 eirea
654 3320 832 3396 veritatem,
855 3318 894 3378 de
915 3318 1053 3399 partibus
1075 3317 1185 3396 poeni-

258 3402 376 3462 tentiae
388 3407 420 3461 et
428 3400 626 3481 indulgentiis
636 3402 861 3483 praedicatam,
885 3400 1010 3475 creduli,
1022 3419 1078 3479 per
1093 3418 1184 3477 quam

258 3502 347 3545 suam
369 3483 400 3544 in
423 3482 505 3545 diota
527 3484 588 3546 fide
611 3486 816 3545 constantium
840 3503 947 3545 eorum
961 3482 1059 3542 aDeo
1073 3498 1185 3561 appro-

258 3566 344 3631 batio
368 3568 425 3627 toti
447 3564 561 3629 mundo
584 3567 639 3629 fiat
658 3567 775 3647 liquida
797 3574 828 3628 et
849 3566 1019 3627 manifesta.

157 3666 158 3733 ζ
344 3652 402 3724 50)
427 3649 577 3711 Volentes
606 3652 709 3730 itaque
739 3650 778 3711 de
807 3648 942 3730 partibus
973 3645 1184 3727 poenitentiae

157 3736 158 3751 ¹
258 3733 467 3815 potissimum,
491 3734 553 3794 oris
576 3741 678 3795 autern
701 3733 899 3795 confessione
920 3737 952 3790 et
973 3729 1075 3810 operis
1098 3728 1185 3787 satis-

157 3824 158 3893 t
258 3816 397 3877 faotione
424 3834 444 3875 a
465 3815 587 3877 Denet
609 3816 772 3898 evangelio
794 3813 955 3873 insinuatis
978 3819 1009 3872 et
1030 3811 1187 3887 institutis,

259 3899 298 3960 ab
322 3898 538 3979 apostolisque
560 3899 781 3981 promulgatis,
814 3905 846 3958 et
869 3895 1033 3956 universali
1056 3893 1188 3954 eeclesia

157 3974 158 4005 ¹
260 3980 443 4073 approbatis
480 3988 512 4043 et
545 3982 731 4063 observatis,
768 3986 925 4043 ettamen
948 3977 987 4041 ab
1010 3976 1186 4039 adversario
