3075 4750
568 490 674 545 Contu
697 489 878 547 obellierii.
1121 492 1183 555 417

345 659 411 721 llio·
425 658 507 738 (lion,
529 660 642 720 remitti
664 660 714 720 sel
736 660 861 721 arbitrio
884 662 1053 741 impositas,
1077 668 1109 721 ut
1130 661 1183 722 ho·

229 802 233 807 .
260 742 313 803 die
333 741 378 819 ut,
401 744 452 803 vel
473 760 611 803 canones
632 742 769 803 nondum
793 760 861 803 esse
881 742 936 803 sub
953 753 1120 824 praecepto
1131 744 1183 805 ab-

261 832 401 905 rogatos.
444 823 535 900 Quod
557 826 583 884 si
604 824 636 886 id
657 826 748 885 nimis
766 826 828 886 vile
841 825 968 903 videtur,
991 826 1184 907 respondeo:

261 908 374 969 Melius
405 910 509 969 estin
539 926 662 969 remon
692 911 868 969 necessaria
894 908 933 969 ad
961 910 1090 969 salutern
1111 910 1182 986 vile,

262 1008 355 1070 quum
379 991 583 1069 mendacium,
604 995 815 1072 exspectoqne
837 992 887 1052 vel
908 994 1093 1053 contrarium
1115 1012 1185 1073 pro·
1304 1052 1309 1065 ,

263 1074 341 1152 buri,
364 1073 414 1133 vel
437 1073 829 1153 ecclesiamdetemrinare,
849 1072 1011 1154 interint)
1036 1078 1186 1155 opinioni·

262 1158 322 1217 hus
345 1156 504 1217 hominum
525 1156 600 1217 volo
620 1158 664 1217 uti
685 1157 835 1231 stabuli,
866 1176 923 1236 pro
944 1176 1014 1224 mea
1035 1158 1185 1237 libertate,

263 1238 417 1318 siquidem
439 1238 535 1300 &oio
556 1258 681 1319 quoque
703 1257 765 1299 non
789 1256 886 1319 cogor
907 1240 1042 1316 credere,
1067 1243 1124 1302 nisi
1137 1258 1184 1302 ec·

265 1323 449 1398 clesiastioa,
471 1340 534 1383 non
552 1328 653 1383 autem
676 1322 871 1398 scholastice,
894 1322 1045 1401 loquatur.
1090 1340 1092 1343 ·

349 1404 398 1464 An
420 1404 496 1465 illud
518 1424 610 1482 vero,
638 1423 810 1485 repugnare
840 1404 980 1484 dignitati
1002 1409 1184 1467 sacramenti

263 1487 588 1569 poenitentiaenullas
600 1488 712 1547 remitti
729 1504 858 1567 poenas,
880 1487 966 1548 dico:
991 1487 1184 1569 Quamquam

263 1590 322 1631 nec
343 1571 526 1631 canonistas
547 1584 606 1630 nec
627 1570 765 1649 theologi
790 1572 863 1630 certi
885 1572 948 1629 sint
971 1577 1110 1651 (praeter
1136 1590 1184 1633 so-

262 1654 325 1714 lum
347 1653 514 1731 nactum),
543 1652 615 1731 qnid
638 1654 794 1713 remittant
815 1653 918 1713 claves
939 1655 970 1712 in
992 1654 1091 1714 forma
1113 1672 1184 1715 con·

262 1743 360 1814 sueta,
383 1735 457 1796 mihi
479 1743 582 1797 umen
599 1736 656 1795 luit
676 1735 765 1795 huius
786 1737 949 1815 positionis
971 1754 1009 1796 ea
1022 1737 1071 1796 vel
1085 1740 1185 1817 prima

262 1837 366 1897 musa
389 1818 473 1910 quod
496 1819 586 1879 nimis
603 1818 672 1878 vilis
694 1820 735 1879 sit
754 1818 885 1879 clavium
908 1818 1050 1899 dignitas,
1073 1820 1097 1879 si
1121 1839 1183 1880 non

260 1903 323 1963 nisi
346 1901 535 1981 temporales
556 1920 675 1981 poenas
695 1904 862 1978 remittant,
885 1920 952 1961 cnm
976 1903 1037 1961 sint
1058 1922 1121 1963 non
1142 1903 1182 1963 ad

261 1985 392 2045 salutum
404 2001 459 2044 seu
478 2002 586 2063 pacem
610 1984 822 2065 temporalem,
840 1984 893 2043 sed
908 1992 1064 2045 aeternam
1084 1988 1185 2065 acqui-

260 2066 389 2128 rendam
400 2066 544 2143 doname.
579 2067 686 2128 Poena
700 2068 783 2127 eninr
798 2067 976 2146 temporalis
986 2086 1035 2127 res
1047 2074 1094 2127 est
1105 2068 1185 2129 vilis·

261 2152 349 2229 sima,
366 2150 521 2230 longeque
535 2150 669 2227 inferior,
681 2166 772 2229 quum
786 2156 819 2211 ut
836 2148 929 2229 digna
940 2150 979 2209 sit
991 2150 1127 2211 clavibus
1141 2172 1186 2211 re·

262 2232 352 2311 mitti,
365 2251 437 2293 meo
448 2233 558 2293 saltem
569 2232 692 2311 iudicio,
709 2240 743 2292 ut
754 2231 856 2293 dicum
869 2232 955 2292 infra.
978 2233 1185 2293 Vanissimum

267 2319 373 2397 itaqua
393 2316 466 2376 mihi
488 2316 549 2377 hoc
564 2314 692 2377 obelisci
703 2316 830 2376 verbum
846 2314 975 2393 videtur,
992 2316 1074 2395 quod
1086 2335 1185 2378 sacra-

262 2401 358 2461 menti
372 2401 413 2460 sit
425 2399 591 2480 indignitas
610 2417 673 2459 uon
690 2401 846 2460 remittere
864 2417 992 2478 poenas,
1010 2417 1078 2460 cum
1094 2401 1125 2460 id
1148 2401 1187 2461 sit

261 2485 365 2564 potius
375 2483 442 2543 eius
451 2481 628 2562 indignitas,
642 2483 815 2543 sireurittat
826 2499 943 2562 poenas
956 2484 1064 2542 saltem
1074 2485 1184 2562 princi-

262 2566 382 2646 paliter.
416 2564 478 2627 sen
497 2565 657 2626 audiamus
671 2565 829 2644 quomodo
843 2565 954 2644 probet
969 2564 1183 2644 indignitatem

261 2649 356 2721 illam,
378 2667 441 2708 non
464 2647 658 2723 scholastice,
680 2647 735 2708 sed
757 2648 933 2727 theologiae
955 2647 1124 2727 disputans.

342 2731 398 2792 Ito
421 2729 501 2790 Nem
522 2737 716 2791 mmanmnta
736 2749 838 2791 novae
852 2732 929 2811 legis
943 2727 1078 2791 efficiunt
1101 2731 1184 2810 quod

263 2813 409 2896 ligarunt,
437 2814 469 2873 in
501 2831 563 2892 quo
594 2832 614 2873 a
634 2814 748 2874 veteris
768 2811 960 2874 Testamenti
983 2816 1184 2875 sacramentis

263 2902 452 2977 separentur.
541 2930 556 2956 0

347 2979 435 3043 nnn.
446 2978 537 3057 Vide,
550 2977 630 3038 haec
643 2997 706 3040 non
720 2985 792 3039 sunt
804 2978 997 3040 scholastica.
1021 2978 1096 3055 Quis
1108 2979 1186 3041 haec

264 3063 352 3141 dicit,
382 3063 442 3122 nisi
468 3063 519 3140 qui
546 3062 578 3120 in
611 3061 806 3121 scholasticis
839 3063 928 3141 nugis
957 3063 1001 3120 sic
1027 3065 1186 3124 mortuus?

264 3147 333 3226 quis
360 3144 452 3222 dicit,
484 3144 567 3224 quod
595 3151 790 3205 sacramenta
812 3144 1012 3225 novaelegis
1040 3144 1186 3223 efficiunt,

264 3228 350 3308 quod
372 3227 513 3308 figurant,
535 3227 593 3286 nisi
604 3227 752 3307 Magister
768 3226 994 3288 Sententiarum
1016 3229 1046 3287 in
1070 3230 1099 3289 4.
1115 3245 1183 3288 cum

264 3312 405 3393 Bugonia
430 3309 687 3386 definitionc,·at
713 3311 765 3388 qui
787 3329 842 3372 eos
866 3317 1041 3390 sequuntur.
1083 3309 1188 3370 latior
1213 3367 1215 3372 .

264 3402 313 3456 est
333 3394 413 3454 haec
433 3393 571 3470 materis,
593 3410 686 3471 quum
708 3394 789 3453 sinat
806 3394 1186 3473 temporisangnstiapro·

265 3478 362 3558 sequi.
405 3475 440 3536 Id
462 3476 564 3536 solnm
582 3492 708 3554 queror,
733 3476 816 3554 quod
838 3475 949 3536 Ecoius
971 3493 1034 3534 non
1057 3477 1187 3536 tacuerit

263 3562 376 3643 primo,
397 3558 521 3638 quando
542 3559 683 3638 promisit
704 3577 739 3619 se
761 3577 823 3619 nnn
839 3558 1025 3618 scholastica
1038 3565 1186 3620 acturum.

350 3643 428 3703 Dico
452 3648 555 3702 umen
577 3640 767 3719 brevissime,
789 3647 1094 3701 sacramentunovae
1110 3640 1188 3722 legis

265 3746 330 3789 non
352 3724 489 3788 efficiunt
508 3724 654 3805 gratiam,
676 3742 767 3802 quum
790 3724 928 3803 signant,
952 3721 1005 3782 sed
1027 3724 1189 3802 requiritur

264 3795 343 3870 fides
366 3815 438 3869 ante
460 3826 551 3868 omne
573 3812 808 3867 sacramentum.
838 3803 929 3866 Fides
943 3810 1046 3866 autern
1062 3814 1187 3887 estgra·

324 4010 356 4078 t)
376 4009 490 4063 Loescls.
510 4014 538 4063 et
550 4007 598 4061 ed.
617 4005 760 4060 Wittanb.:
779 4007 877 4060 intera

293 4128 848 4186 mutarat-hadremmovcll.
940 4127 980 4192 27
