3075 4750
620 456 732 514 uarum
750 456 870 550 muers.
1158 457 1209 532 ῃ
1320 439 1326 446 ’

158 708 159 718 ¹
281 621 1209 792 ‘tt-‘tittttfftltbftttttttttmlttttt

281 789 510 872 impudentiam
554 799 586 852 et
626 791 865 874 blasphemiam,
902 794 958 856 sed
1004 798 1209 877 pauperculus

281 873 394 935 Frater
414 873 687 938 condemnabatur.
728 875 799 958 Ego
826 883 1021 959 contemptus
1053 878 1136 940 edidi
1158 880 1209 942 Di-

283 958 472 1036 sputationis
494 957 674 1020 schedulam
695 960 786 1020 simul
807 967 839 1022 et
854 963 1063 1042 germcnicam
1085 965 1209 1026 concio-

281 1059 359 1136 nem
382 1039 422 1102 de
438 1040 653 1122 indulgentiis,
675 1043 769 1123 paulo
784 1051 856 1123 post
877 1045 970 1106 ctiam
981 1044 1208 1127 Resolntioncs,

157 1158 162 1224 ,
278 1141 318 1184 in
341 1123 452 1203 quibus
474 1143 531 1205 pro
553 1125 672 1188 honore
690 1145 791 1207 papae
812 1126 874 1188 hoc
888 1127 1091 1210 agebamut
1110 1130 1208 1192 indul-

278 1207 410 1288 gcntiac
431 1227 495 1268 non
516 1207 735 1276 damnamntur
761 1209 902 1290 quidem,
929 1211 985 1274 sed
1006 1211 1090 1276 bonc
1110 1231 1207 1294 opem
1231 1259 1234 1266 .

156 1266 163 1371 f
279 1291 420 1352 caritatis
442 1290 502 1352 illia
524 1292 757 1371 praeferrentur.

366 1373 435 1434 Hoc
455 1374 653 1436 eratcoelum
675 1375 860 1438 deturbasse
881 1384 913 1438 ct
935 1377 1082 1440 mundum
1103 1379 1206 1440 incen-

158 1445 159 1450 ’
280 1454 335 1518 dic
360 1458 578 1520 consumsisse.
607 1445 746 1520 Accusor
768 1459 852 1539 apud
866 1479 995 1539 papam,
1017 1463 1146 1524 mittitur
1167 1464 1207 1523 ci·

279 1541 360 1600 tatio
392 1541 453 1600 mei
482 1541 521 1602 ad
543 1540 675 1620 Urbem,
695 1549 740 1602 et
771 1544 933 1623 consurgit
961 1550 1206 1624 totus-papatus

161 1628 164 1643 '
278 1625 314 1682 in
336 1643 388 1683 me
410 1624 544 1686 unicum.
586 1623 671 1685 Haec
693 1632 826 1706 aguntur
856 1644 940 1686 anno
961 1625 1128 1690 Moxvut.
1150 1628 1206 1690 sub

161 1701 163 1771 ξ
279 1706 418 1766 comitiis
439 1706 641 1769 Msximilicni
661 1708 821 1789 Augustae
843 1708 1021 1787 celebratis,
1043 1711 1075 1770 in
1097 1710 1206 1790 quibus

161 1793 162 1796 ’
281 1789 399 1870 agebat
420 1789 603 1871 legatuma
630 1791 728 1858 latere
745 1791 904 1854 Pontificio
926 1790 1098 1854 Cardinalis
1120 1792 1207 1855 (laie-

161 1878 165 1897 '
243 1931 249 1952 ,
276 1879 389 1953 tanus,
416 1892 507 1952 quam
524 1873 595 1934 Dux
616 1873 840 1936 illustrissimus
853 1874 1010 1938 Saxoniae
1024 1875 1205 1955 criterium,

279 1955 413 2017 Elector
432 1955 598 2038 Princeps,
628 1977 723 2018 causa
748 1957 936 2038 meaadiit,
969 1965 1001 2020 ct
1020 1955 1205 2050 impetravit,

276 2058 320 2100 ne
335 2039 469 2100 Romam
488 2058 617 2121 cogerer
637 2041 692 2120 ire,
713 2040 849 2121 sedipsc
861 2059 911 2103 me
932 2049 1044 2103 vocato
1056 2061 1121 2106 rem
1132 2061 1204 2124 cog·

276 2130 429 2184 nosceret
449 2130 481 2206 et
502 2142 593 2205 comp
601 2131 718 2186 oneret.
760 2123 834 2184 Mox
856 2125 959 2191 solutu
979 2132 1052 2186 sunt
1071 2127 1206 2188 comitia

364 2205 504 2286 Interim,
527 2208 599 2285 quia
619 2207 692 2270 lessi
708 2214 797 2270 erant
810 2207 957 2270 Germani
978 2228 1086 2271 omncs
1107 2209 1205 2271 teran-

167 2304 170 2317 ¹
277 2287 326 2349 dis
350 2283 608 2369 expilationibus,
642 2290 917 2352 nundinationibus
944 2298 977 2354 et
1002 2291 1129 2357 inlicitis
1151 2294 1205 2352 im-

167 2358 172 2435 i
275 2374 415 2454 pasturis
427 2372 895 2455 Romaneasiumnabulonum,
916 2377 1074 2455 suspensis
1093 2378 1204 2437 anissis

168 2465 176 2561 s
281 2456 510 2537 exspectabant
523 2464 676 2554 'eventum
698 2464 803 2519 tantae
823 2458 1002 2601 rhei,lquam
1029 2457 1132 2519 nullus
1152 2478 1205 2519 an·

167 2583 171 2700 Ξ
277 2546 459 2704 tttzt?
480 2560 675 2687 ttttttb
688 2546 1206 2705 ”tttttttttttttttt

276 2706 378 2785 laris,
411 2706 493 2786 quod
526 2708 644 2769 invisae
671 2709 732 2770 ism
761 2715 866 2769 essent
892 2707 1034 2770 omnibus
1065 2716 1148 2770 artes
1175 2714 1207 2770 at

138 2852 139 2867 ,
167 2789 171 2798 '
275 2790 526 2851 Romanationcs
553 2790 641 2870 illae,
669 2790 779 2871 quibus
801 2799 900 2859 totum
915 2791 1032 2876 ,orbem
1055 2792 1203 2872 impleve-

166 2897 170 2966 ;
274 2878 350 2933 rant
371 2878 404 2933 et
423 2874 635 2955 fatigaverant

362 2956 444 3017 Veni
465 2958 558 3039 igitur
577 2957 723 3038 pedester
744 2964 777 3019 et
796 2977 915 3039 pnuper
936 2957 1124 3039 Augustam,
1145 2958 1198 3019 sti·

166 3023 167 3027 ¹
275 3046 380 3119 patus·
394 3040 565 3121 sumptibus
586 3047 619 3103 ct
639 3040 736 3105 literis
757 3041 907 3121 Principis
923 3040 1070 3106 Ilriderici
1092 3040 1133 3103 ad
1154 3060 1203 3102 se⁴

138 3156 140 3185 φ
167 3121 171 3205 t
275 3130 387 3183 natum
404 3128 435 3184 et
448 3124 599 3203 quosdam
611 3124 711 3189 bonos
724 3125 808 3188 viros
824 3123 1095 3188 commendatitiis.
1137 3123 1202 3185 Tm

168 3214 169 3267 ἒ
277 3206 342 3267 duo
372 3224 457 3267 eram
490 3206 549 3286 ibi,
587 3214 752 3287 antequam
781 3207 962 3269 accederem
996 3206 1202 3286 Cardinalcm,
1291 3268 1293 3276 ,

169 3329 170 3337 1
274 3288 485 3370 prohibebant
517 3290 598 3351 cuim
626 3280 690 3351 viri'
705 3291 751 3351 illi
779 3291 888 3371 optimi
923 3296 955 3352 ct
981 3289 1204 3353 dissuadebant

152 3417 158 3427 .
276 3373 407 3433 summis
429 3372 558 3452 viribus,
580 3392 621 3435 nc
642 3374 718 3435 citra
738 3374 860 3435 salvum
882 3372 1071 3437 conductum
1089 3372 1201 3435 (laess-

170 3467 171 3473 ’
274 3456 318 3517 ris
334 3452 535 3525 Cardinalem
557 3456 690 3537 adirem,
712 3455 788 3517 licet
808 3457 861 3519 ille
875 3477 935 3536 ,me
947 3456 1076 3538 singulis
1091 3455 1199 3519 dicbm

171 3545 175 3596 ἓ
275 3558 334 3620 per
347 3538 503 3617 quendam
520 3546 676 3603 oratorem
692 3548 830 3603 vocaret.
871 3538 948 3602 Erat
965 3539 1017 3603 bic
1034 3539 1110 3601 mihi
1125 3539 1200 3599 satis

172 3682 173 3689 χ
276 3621 448 3702 molestus,
471 3629 505 3683 ut
526 3629 646 3685 tantum
663 3640 861 3701 revocarem,
883 3630 947 3685 tum
970 3629 1076 3685 essent
1093 3621 1202 3683 omnia

140 3704 141 3707 ’
172 3772 173 3782 ¹
276 3704 376 3766 salva.
421 3704 483 3767 Sed
504 3705 600 3787 longa
621 3714 669 3769 est
688 3706 815 3787 iniuria,
836 3708 951 3788 longae
973 3705 1131 3785 ambages.

361 3787 502 3870 Tapdem
524 3791 616 3851 tertio
638 3790 688 3853 dia
709 3791 796 3851 venit
815 3789 1032 3870 expostulans,
1054 3787 1116 3848 Cur
1136 3806 1200 3849 non

275 3870 462 3933 secederem·
475 3871 680 3955 Cardinalem,
702 3874 753 3954 qui
769 3872 991 3954 benignissime
1008 3890 1060 3931 mc
1071 3889 1198 3951 exspec-

275 3956 377 4017 taret?
411 3955 587 4036 Respondi,
614 3957 689 4019 mihi
708 3955 985 4038 obtemperandum
1008 3973 1078 4017 csse
1100 3954 1200 4014 consi·

301 4060 396 4103 cumen
410 4071 462 4113 opp.
477 4062 503 4105 V.
517 4062 544 4103 Α.
559 4062 641 4103 adrat.
655 4062 705 4103 btrt.
719 4064 733 4103 t.
747 4073 769 4115 p.
784 4062 834 4103 Vol.
847 4062 867 4139 1.Ι
971 4077 991 4142 2
