3075 4750
343 422 408 492 120
567 477 577 490 x
671 422 820 481 &canusa
837 419 949 483 buthari

345 596 437 658 ritate
457 582 651 658 rabareuiur.
692 591 846 654 Judieium
867 611 955 654 suum
975 589 1266 672 portabitequicun·

346 699 407 760 que
427 679 481 740 ille
501 677 601 756 fuerit,
623 678 675 756 qui
696 677 762 738 istis
785 676 848 735 suis
869 673 1024 756 figmentis
1046 681 1171 736 sanatos
1194 691 1266 754 apa»

345 763 445 824 stolas
472 767 506 822 et
531 760 694 823 eeclesiam
715 759 775 820 Dei
804 758 942 820 illuserit.
974 757 1119 820 Primum
1140 756 1266 838 figmen-

345 854 409 907 tum
432 845 601 925 igiturest,
623 842 706 922 quad
728 842 808 902 filius
829 842 911 922 regis
928 841 1037 924 fuerit3
1059 848 1091 904 et
1106 840 1196 919 dicis,
1219 859 1268 900 me

345 927 430 988 nulla
459 926 623 986 autoritate
654 925 796 1006 probare.
839 923 1043 1011 Respondes,
1076 943 1134 984 nee
1162 931 1210 1002 tu,
1239 929 1268 984 et

346 1010 442 1070 muita
455 1010 565 1070 minus.
588 1008 742 1087 Secundo,
760 1005 842 1088 quod
864 1008 895 1067 in
913 1027 1047 1088 purpura
1069 1011 1099 1068 et
1121 1005 1268 1074 sandaliis

347 1093 523 1171 incesserit,
556 1099 588 1152 et
606 1092 738 1173 gemmis
758 1092 789 1150 in
813 1089 993 1170 palliatam
1017 1089 1155 1158 diversus
1178 1108 1196 1148 a
1221 1107 1268 1150 ce-

326 1177 421 1256 ,te‘ris
439 1174 601 1256 apostolis,
624 1173 860 1238 ubiffssummet?
883 1175 1100 1236 ssusrmaubert
1114 1173 1189 1250 midp
1214 1173 1269 1250 bsh

347 1279 374 1321 et
397 1260 466 1336 nictit
489 1262 553 1335 aad)
576 1259 700 1336 territt,
731 1258 785 1334 bap
814 1273 841 1318 rt
868 1258 927 1335 pete
947 1253 1038 1334 buten
1065 1255 1115 1334 bct
1136 1260 1269 1334 astrapen
1376 1307 1377 1332 ,

347 1344 404 1403 aab
421 1341 550 1420 &potsa-
592 1340 702 1407 Mirum
724 1337 807 1418 qnod
829 1357 891 1398 nou
915 1344 1089 1416 equestrem
1111 1338 1204 1398 etiam
1227 1337 1268 1398 fe·
1376 1343 1377 1354 *

346 1425 435 1503 serit,
468 1425 498 1484 in
527 1442 589 1502 quo
611 1422 806 1503 singularitas
827 1421 1068 1497 haeretieorum,
1099 1420 1268 1482 schismati·
1376 1461 1377 1494 ,

346 1527 464 1585 curum,
487 1505 689 1587 superborum
708 1505 817 1566 mirum
840 1503 934 1566 habet
954 1504 1169 1584 patrecinium.
1197 1503 1265 1566 Ter·
1376 1501 1377 1584 i

256 1579 263 1597 '
345 1592 439 1668 tium,
470 1589 553 1669 qued
583 1589 702 1650 iuvenis
734 1586 917 1648 describitur
946 1593 977 1648 et
1011 1594 1114 1649 tamen
1149 1585 1269 1649 habens
1364 1595 1368 1606 '

346 1673 472 1734 barbam
493 1673 578 1732 canis
599 1689 789 1750 respersam,
823 1669 877 1730 sed
906 1668 991 1731 ferte.
1011 1671 1043 1730 in
1062 1667 1127 1733 fine
1149 1667 1269 1748 praedi

344 1757 487 1816 cationis.
530 1754 678 1829 Quartum
706 1752 790 1831 quod
824 1751 965 1816 diabolus
1003 1772 1073 1817 eum
1103 1751 1270 1814 confitetur

343 1840 425 1899 sicut
442 1856 518 1918 puer
534 1843 566 1897 et
581 1835 735 1897 describit.
746 1836 840 1896 etiam
862 1855 963 1914 nares,
980 1835 1126 1916 capillos,
1150 1835 1269 1913 oculas,

278 1994 281 1999 Α
345 1921 433 2000 quasi
454 1920 517 1982 hoc
537 1919 577 1980 ad
598 1938 663 1980 rem
685 1919 847 1998 pertineat.
891 1917 1038 1992 Quintum
1060 1917 1142 1997 quod
1165 1925 1269 1981 vestes

280 2052 283 2057 >
346 2011 379 2066 et
398 2002 538 2064 sandalia
559 2021 622 2068 non
640 2007 836 2063 veterascunt
852 2002 883 2060 in
896 2003 936 2066 25
952 2002 1051 2078 annis,
1072 2001 1162 2077 forte,
1185 2000 1269 2080 quud

346 2105 409 2147 nan
431 2085 532 2165 potnit
561 2083 638 2145 alias
660 2089 762 2144 vestes
795 2083 929 2162 habere,
964 2091 995 2144 et
1026 2083 1066 2148 25
1087 2084 1176 2144 annis
1205 2103 1269 2146 nen

345 2171 439 2229 etiam
459 2167 529 2248 pins
551 2167 599 2228 vel
622 2167 724 2226 minus
744 2166 977 2246 praedicaverit,
1000 2185 1187 2246 quamquam
1208 2167 1270 2228 hac

345 2271 409 2312 non
430 2252 535 2332 magni
555 2250 677 2312 referat
730 2249 858 2312 Sextum
880 2249 962 2328 quod
985 2246 1181 2330 angelicum
1206 2269 1268 2310 nen

345 2335 448 2397 sinant
480 2335 596 2396 esurire
624 2339 677 2394 aut
706 2332 845 2415 fatigari,
878 2333 939 2394 hae
969 2338 1018 2394 est
1048 2332 1145 2413 idem,
1185 2332 1269 2412 quad

346 2418 541 2499 evangelium
562 2416 745 2498 praedicans
766 2422 876 2481 centra
888 2416 1084 2497 evangelium
1099 2416 1202 2493 vivat.
1216 2415 1267 2477 ubi

344 2501 505 2581 apostulus
538 2502 569 2560 in
595 2500 710 2560 ieiunio
738 2500 854 2560 esurire
877 2518 910 2559 se
938 2496 1118 2578 confitetur,
1153 2496 1268 2585 deinde

345 2583 563 2646 adHebr.12.
586 2584 667 2642 aucti
690 2602 745 2661 per
766 2581 859 2643 fidem
882 2588 941 2643 ete.
971 2582 1132 2643 Cerinthus
1155 2581 1267 2661 aliquis

343 2666 422 2726 haec
442 2666 616 2727 somniavit.
659 2664 828 2744 Septimum
861 2672 963 2727 autem
991 2666 1129 2727 omnium
1151 2665 1267 2742 suavis-

344 2750 464 2820 simum,
485 2747 568 2827 quod
591 2748 708 2809 centies
729 2748 760 2808 in
784 2747 833 2808 die
856 2755 887 2809 et
908 2749 1024 2815 centies
1046 2748 1077 2809 in
1099 2754 1193 2809 nocte
1214 2766 1266 2828 ge·

344 2849 407 2890 nua
427 2830 521 2890 flexit.
563 2830 654 2911 Roga
687 2830 855 2909 quidboni
878 2830 987 2893 orabat
1006 2831 1037 2891 iu
1060 2830 1153 2891 cetali
1176 2831 1266 2891 unius

344 2913 451 2990 horae,
474 2914 500 2973 si
523 2913 626 2974 saltim
647 2912 870 2975 discriminavit
892 2914 1059 2991 orationes,
1081 2914 1148 2979 sine
1170 2910 1266 2975 dubio

343 2995 383 3055 ad
405 2996 493 3056 unius
515 2994 673 3056 dimidiam
694 3002 814 3075 partem
836 2996 975 3075 vacabat,
998 3003 1031 3056 ut
1052 2998 1162 3057 iterum
1169 3015 1267 3079 (genu

342 3076 490 3141 flecteret.
532 3078 654 3139 Deinde
676 3078 801 3159 quande
822 3078 1027 3159 praedicavit,
1051 3078 1180 3159 ,quando
1203 3098 1266 3144 um-

342 3160 478 3239 bulabat,
499 3160 623 3240 quanda
646 3161 782 3240 bibebat,
805 3162 937 3223 edebat?
957 3198 960 3201 -
980 3160 1169 3225 minitatus
1181 3162 1266 3243 egit,

1376 1881 1377 1904 t

1297 2195 1311 2223 Ι

1376 2542 1377 2573 t

343 3262 434 3323 quam
457 3243 540 3324 quod
561 3264 664 3325 genua
684 3243 849 3309 flectebat?
892 3244 1000 3305 Simile
1032 3252 1074 3308 et·
1090 3244 1128 3305 de
1158 3251 1267 3305 sancta
1376 3236 1377 3241 ¹

342 3326 462 3389 Martha
482 3328 661 3391 somniatur.
704 3328 807 3389 Portu«
826 3328 863 3389 in
886 3334 978 3389 noete
1000 3346 1116 3407 quaeso
1139 3326 1265 3406 quando
1376 3356 1377 3363 κ

342 3409 535 3470 dormiebat?
577 3410 653 3469 Tam
675 3410 791 3469 insulsa
812 3410 1028 3491 praedicantur
1049 3416 1080 3471 et
1101 3410 1267 3471 ereduntur

342 3494 450 3553 merito
472 3491 511 3552 ab
533 3492 597 3569 his,
626 3492 677 3570 qui
711 3493 822 3553 nolunt
850 3492 987 3555 meliora.
1030 3492 1109 3553 Illud
1132 3491 1266 3572 denique

341 3576 461 3654 emitto,
485 3574 566 3653 quod
589 3594 687 3655 nepes
709 3578 791 3657 regis
803 3575 910 3655 Syriae
927 3576 1045 3637 dicatur
1065 3581 1098 3637 et
1117 3591 1265 3655 purpura-

341 3664 389 3717 tus
411 3658 516 3739 regiae
536 3657 694 3738 dignitatis
715 3678 850 3738 memor,
884 3678 953 3719 cum
987 3661 1079 3720 etiam
1111 3678 1152 3719 ex
1174 3676 1265 3720 sacra

341 3740 505 3822 evangelio
541 3746 663 3802 constet
695 3735 753 3803 nec
788 3740 883 3809 ullum
916 3762 1019 3824 regem
1048 3740 1156 3823 Syriae
1191 3748 1266 3803 tunc

340 3822 451 3902 fuisse,
473 3823 526 3883 sed
549 3823 707 3903 praesides
730 3841 893 3901 romanos,
927 3827 985 3887 nisi
1006 3825 1264 3906 regulusintelli-

340 3922 414 3984 gas,
437 3912 471 3966 ut
490 3906 631 3967 Herodes
654 3914 686 3969 et
705 3906 840 3983 Arabiae
861 3908 959 3970 Arata
979 3928 1035 3971 rex
1057 3914 1089 3973 et
1109 3907 1264 3989 Abgarus.
