3075 4750
694 489 843 546 Sermones
861 489 972 546 lutheri

729 791 736 799 ·
756 742 901 835 Sermo

536 878 580 940 de
610 877 921 941 Resurrectione
951 879 1113 961 Christi,

634 1003 717 1046 anno
740 983 821 1052 1516
841 985 973 1046 habitus.
985 990 1021 1061 ⁴⁵)

451 1090 497 1149 De
520 1090 704 1150 comedente
724 1093 821 1152 exivit
841 1091 926 1153 cibus
956 1092 1047 1151 etde
1069 1092 1140 1152 lorti
1161 1109 1288 1171 egresse

370 1179 418 1233 est
443 1173 585 1234 dulcedo.
624 1173 724 1236 ludio.
755 1175 803 1236 14.
837 1175 925 1234 Ηοοο
951 1176 1196 1254 propositionem
1219 1193 1287 1254 pro·
1326 1242 1328 1246 ,
1384 1197 1385 1244 l

368 1257 473 1336 posuit
494 1256 625 1317 Samson
654 1256 724 1316 filiis
749 1257 920 1334 Philistim‚
955 1266 986 1317 et
1012 1266 1060 1318 est
1086 1257 1226 1318 mirabile
1257 1267 1288 1316 et
1384 1261 1385 1296 l

369 1339 612 1400 contradictione
635 1341 768 1419 plenum.
811 1341 868 1400 Est
896 1342 977 1400 enim
991 1341 1108 1401 vcontra
1137 1346 1288 1418 naturam

371 1421 453 1500 quod
476 1423 515 1481 de
538 1423 721 1483 comedente
743 1423 828 1484 cibus
850 1431 957 1501 exeat,
986 1423 1040 1483 sed
1068 1424 1171 1504 potius
1194 1424 1219 1482 si
1242 1431 1289 1482 est

368 1505 575 1584 comedens,
568 1527 597 1565 rn
600 1513 660 1567 trat
680 1507 796 1567 cibus'
788 1527 819 1566 rn
841 1507 926 1566 illum
948 1471 980 1566 ’et
996 1507 1160 1566 devoratur
1174 1525 1193 1564 a
1206 1523 1288 1566 com·

370 1579 500 1668 edente3
529 1591 555 1648 si
584 1591 664 1648 enim
689 1591 753 1648 exit
774 1590 858 1650 cibus
880 1589 919 1651 ab
942 1609 997 1667 eo
1025 1608 1087 1650 non
1111 1590 1167 1648 erit
1188 1607 1289 1648 come-
1384 1587 1385 1594 ’

369 1670 456 1747 dens,
479 1636 532 1731 sbd
552 1691 698 1732 evomens
720 1672 771 1731 vel
793 1674 853 1732 emi
854 1679 945 1751 ttens,
968 1675 993 1732 si
1015 1679 1118 1732 sutem
1140 1677 1187 1730 est
1208 1689 1289 1738 com·
1384 1667 1385 1708 ss

369 1753 479 1833 edens,
524 1774 586 1814 non
622 1755 718 1815 exibit
755 1755 839 1815 cibus
873 1755 927 1815 sed
954 1755 1088 1818 intrabit.
1131 1753 1220 1828 Quae
1242 1761 1291 1814 est

371 1855 446 1917 ergo
468 1839 529 1897 ista
549 1837 724 1918 parabola?
767 1837 911 1898 Oomedit
931 1845 962 1898 et
984 1837 1070 1898 cibus
1093 1837 1158 1900 exit
1179 1835 1217 1896 cb
1240 1855 1289 1932 eo,
1384 1893 1385 1898 ,

369 1919 526 1999 quomodo
549 1921 731 1980 saturabitur
749 1921 867 1981 fames?
889 1921 954 1980 Nos
977 1939 1174 1996 moreremur,
1197 1921 1223 1979 si
1245 1921 1290 1980 sic
1384 1903 1385 1948 l

369 2002 533 2064 comedere
559 2002 751 2065 deberemus
794 2003 998 2064 Similitert
967 2009 998 2064 et
1026 2003 1110 2082 quod
1139 2004 1286 2100 sequitur,

369 2085 526 2165 quomodo
559 2086 690 2147 dulcedo
723 2086 762 2146 de
793 2087 864 2147 forti
890 2086 1068 2148 robustos
1071 2085 1180 2146 tduro
1203 2105 1288 2166 egre-

369 2169 468 2229 ditur?
490 2168 606 2230 Contra
626 2171 728 2249 potius
751 2177 814 2248 est,
844 2169 926 2247 quod
956 2169 1064 2230 durum
1093 2178 1125 2229 et
1146 2187 1287 2248 asperum
1384 2219 1385 2222 ,

369 2253 450 2312 solet
471 2251 634 2313 dulcedine
655 2252 744 2312 leniri
766 2259 797 2312 et
818 2254 1014 2334 nritigari,et
983 2260 1101 2330 cest,
1131 2271 1168 2311 ac
1197 2253 1224 2312 si
1247 2251 1289 2311 di·

368 2355 431 2416 cas,
453 2335 491 2396 de
515 2335 619 2398 calore
642 2337 726 2396 venit
746 2336 851 2417 frigus,
873 2336 949 2397 def
946 2337 1047 2417 rigore
1068 2342 1170 2397 autern
1193 2329 1289 2431 calor,

369 2427 401 2479 et
422 2421 547 2481 omnino
576 2421 760 2481 contrarium
794 2419 833 2479 de
860 2439 919 2480 con
921 2422 1030 2498 trario,
1068 2438 1136 2479 cum
1165 2420 1290 2479 nonnisi

369 2503 469 2563 simile
490 2503 528 2563 de
550 2522 606 2563 suo
628 2502 718 2562 simili
740 2504 854 2563 veniat}
896 2502 971 2577 Quis
993 2504 1081 2563 enim
1097 2520 1231 2580 unquam
1250 2502 1288 2561 ed
1384 2526 1385 2583 3

368 2588 470 2646 nivem
492 2585 544 2646 vel
564 2586 695 2667 glaciem
719 2592 767 2645 est
787 2586 974 2647 calefactus?
1017 2584 1092 2659 Quis
1122 2585 1161 2645 ad
1183 2586 1288 2668 ignem

369 2668 481 2729 sedens
503 2672 599 2729 sensit
620 2675 755 2747 unquam
777 2669 871 2749 frigus
892 2669 931 2729 ab
954 2688 991 2729 eo
1015 2668 1119 2729 exire?
1151 2668 1206 2727 lta-
1221 2670 1288 2748 quis

370 2752 409 2812 de
432 2761 525 2831 petra·
548 2751 680 2829 soloque
707 2750 869 2812 durissimo
900 2752 961 2813 mel
989 2758 1022 2812 et
1052 2752 1156 2811 oleum
1177 2750 1287 2811 suxit?
1384 2756 1385 2829 J

369 2834 444 2909 Quis
467 2835 573 2895 eduxit
594 2836 633 2894 de
660 2842 748 2914 petra
775 2836 891 2913 aquas?
926 2835 965 2895 de
998 2834 1176 2894 mandibula
1209 2835 1288 2895 asini
1384 2864 1385 2903 1

369 2920 435 2997 quis
468 2936 562 2997 aquas
585 2917 709 2978 effudit?
743 2917 804 2978 seu
826 2918 905 2978 haec
922 2920 953 2977 in
968 2918 1125 2996 scripturis
1145 2916 1288 2996 legimus,

369 3003 432 3061 imo
454 3002 516 3061 iam
537 3001 635 3061 facilis
658 3000 770 3061 solutio
793 3002 851 3061 erit
872 3002 1020 3061 omnium.
1062 3000 1125 3059 Leo
1147 3001 1206 3059 iste
1234 3000 1291 3059 fuit

368 3084 502 3164 populus
530 3085 632 3145 furens
661 3083 843 3143 Iudaeorum
874 3092 983 3145 contra
1004 3083 1174 3160 Christum
1206 3082 1290 3143 hunc

370 3166 484 3228 occidit
505 3169 563 3227 et
555 3188 586 3227 1n
606 3186 660 3227 ore
675 3186 739 3227 erus
761 3166 848 3226 favus
870 3167 1010 3227 mellisi.
1033 3185 1060 3228 e
1082 3168 1114 3225 in
1131 3166 1227 3244 script
1227 3168 1289 3226 uris
1327 3210 1330 3215 -

368 3250 456 3331 legis,
479 3269 554 3329 quas
575 3251 607 3309 in
629 3270 684 3311 ore
703 3251 818 3328 ferunt.
834 3268 956 3326 semper
968 3248 1189 3328 evangehum
1182 3264 1292 3309 inven-

368 3340 433 3394 turn
456 3342 511 3397 est.
546 3333 597 3396 Sic
618 3333 657 3393 de
679 3332 909 3402 comedentei.
928 3352 955 3393 e.
978 3330 1288 3393 devoratoreOhristi

342 3464 349 3476 .
369 3425 402 3477 et
428 3424 603 3477 sanctorum
633 3418 720 3494 eius
754 3416 859 3476 occiso
881 3434 937 3495 per
959 3416 1145 3476 occisionem
1169 3414 1288 3493 literae,

370 3502 465 3561 exivit
487 3500 583 3579 cibus,
605 3499 717 3579 quod
709 3500 769 3578 rpsi
792 3505 917 3558 careant
937 3500 996 3559 isto
1020 3498 1100 3575 cibo,
1128 3504 1286 3557 ettamen
1358 3568 1364 3579 x

369 3584 570 3644 comederunt
597 3583 758 3643 Christum.
806 3581 892 3643 Sicut
919 3583 1000 3641 enim
1029 3600 1084 3661 per
1117 3600 1152 3640 os
1183 3580 1285 3641 cibum

368 3667 458 3730 nobis
480 3667 727 3746 incorporamus,
755 3665 798 3724 ita
814 3666 866 3725 lex
890 3665 939 3725 vel
961 3664 1116 3743 quaelibet
1137 3664 1289 3743 scriptura

409 3860 455 3915 )
477 3856 527 3908 Hic
546 3870 648 3917 sermo,
674 3870 729 3921 qno
748 3855 800 3905 Lut
801 3854 882 3906 herus
904 3852 1039 3905 Simsonis
1059 3855 1189 3921 aenigma
1207 3856 1288 3905 inter

369 3933 501 3995 pretatur,
521 3927 643 3979 redditur
657 3943 692 3979 ex
703 3925 776 3979 nso.
791 3925 969 3979 aboeschero
989 3926 1046 3993 lp.
1066 3924 1118 3981 275
1138 3924 1203 3993 hqq.
1224 3926 1286 3978 coll.

337 4055 339 4060 ,
370 4014 397 4067 p.
416 3999 475 4054 745
494 3999 576 4068 Apud
596 3998 701 4052 Walch
719 3998 821 4067 legitur
840 3996 906 4065 xn„
927 3996 997 4053 2210
1016 4012 1075 4066 sqq.
