3075 4750
627 454 655 495 s.
673 437 744 495 suu
760 438 858 495 nasu.
914 400 921 409 ’
1147 436 1208 505 1⁸3

288 593 418 685 taran}
451 613 488 669 ut
515 608 573 667 sim
606 624 666 689 ego
695 614 876 688 excusatus,
908 615 942 670 at
960 626 1017 669 vos
1038 628 1059 670 a
1074 609 1215 689 periculo

290 688 389 752 falsae
423 691 648 771 intelligentiae
680 693 840 755 eruamini.
887 691 1022 755 Primum
1050 697 1215 771 protestor,

288 773 373 853 quod
402 775 534 836 intentio
563 792 664 854 papae
691 766 740 835 'est
759 782 845 837 reeta
866 782 896 835 et
927 776 1070 853 vcre‚*)
1104 775 1215 837 saltem

288 876 327 917 ca
355 875 438 936 qnae
469 858 550 917 iacet
575 858 605 917 in
630 857 754 935 litteris,
786 858 920 938 syllabis.
953 856 1107 919 -Secnnrlo
1135 857 1215 919 forte

289 947 320 1001 st
341 939 438 1003 verba
460 958 577 1016 eorum,
598 958 679 1019 quae
701 940 881 1019 buccinant,
910 948 982 1001 sunt
1007 960 1081 1003 vcra
1108 942 1138 1001 in
1161 940 1214 1001 eli-

286 1042 348 1102 qno
371 1042 486 1102 sensu3
517 1023 572 1085 sed
600 1030 702 1083 tanuen
732 1025 781 1092 vis
811 1030 858 1085 est
879 1023 1047 1103 quaedam,
1080 1042 1142 1085 non
1172 1024 1214 1085 di-

287 1111 399 1170 cuntur
421 1126 505 1185 vere,
526 1107 577 1166 vel
598 1125 661 1166 non
682 1107 893 1188 intelliguntur
913 1112 1006 1167 ructet
1049 1105 1212 1169 Sciendum

284 1191 410 1269 itaque,
444 1189 526 1269 qnod
557 1197 618 1249 tres
641 1190 703 1249 sint
722 1196 825 1269 partes
849 1190 1074 1269 poenitentiae,
1107 1207 1214 1251 socun-

285 1273 361 1334 dnm
398 1274 542 1334 usitatum
587 1271 720 1333 modum.
776 1272 884 1333 Melius
923 1278 1024 1333 antem
1070 1273 1115 1333 sio
1131 1274 1212 1349 **);

285 1355 413 1436 Duplex
443 1362 492 1415 est
518 1356 723 1435 poenitentia,
754 1356 873 1416 scilicet
901 1356 983 1435 signi
1011 1361 1042 1417 et
1063 1356 1116 1417 rei.
1158 1356 1214 1417 usi

286 1445 335 1499 est
360 1438 416 1501 illa
434 1438 562 1499 interior
583 1438 685 1499 cordis
707 1445 739 1499 et
760 1438 830 1499 sola
850 1458 924 1499 vera
944 1439 1145 1518 poenitentia,
1175 1438 1213 1499 dc

287 1540 352 1601 qua
374 1520 512 1582 Christus
535 1520 623 1599 dicit,
658 1522 882 1601 poenitentiam
911 1522 1013 1601 agite,
1054 1527 1086 1581 et
1106 1521 1213 1583 Petrus

205 1635 209 1646 ·
285 1605 357 1666 Act
379 1606 416 1666 2:
440 1604 641 1684 poenitemini
663 1610 695 1664 et
715 1605 941 1666 convertimini.
982 1603 1070 1684 tigni
1092 1609 1139 1665 est
1159 1602 1214 1664 illc

285 1688 434 1764 exterior,
456 1706 535 1767 qnae
558 1687 733 1766 frequenter
754 1694 802 1748 est
818 1687 908 1762 facta,
931 1706 1001 1747 curu
1014 1686 1068 1747 illu
1083 1686 1213 1749 interior
1297 1690 1300 1697 '

283 1772 323 1833 sit
356 1766 430 1831 ficta
458 1788 570 1850 seepe,
604 1777 636 1831 et
662 1770 741 1831 haec
770 1770 864 1833 habet
890 1769 969 1831 duas
1002 1769 1071 1831 illus
1093 1766 1213 1850 ‘partes

285 1854 517 1915 confessionem
544 1860 576 1915 et
602 1852 860 1933 satisfactionem,
896 1852 935 1913 de
964 1872 1026 1932 qua
1054 1852 1156 1914 Lucae
1184 1856 1212 1917 3.

282 1937 359 1999 dicit
380 1935 454 1997 Joh.
468 1936 622 2016 Baptista:
646 1936 750 1997 Facite
771 1955 845 2017 ergo
867 1935 979 2017 dignos
1000 1936 1114 1997 fructus
1136 1954 1209 2015 poe-

283 2020 445 2081 nitentiae.
489 2019 650 2080 Confessio
672 2019 921 2099 iterumduplex
944 2025 1005 2098 est,
1034 2018 1159 2099 publica
1179 2025 1212 2079 at

282 2104 416 2184 private.
458 2102 505 2161 De
535 2102 660 2183 publica
687 2102 797 2163 dicitur
823 2102 887 2165 lac.
918 2102 1042 2164 ultimo:
1077 2100 1209 2163 Confite-
1264 2128 1267 2133 ·

284 2186 360 2247 ruini
390 2184 544 2250 alterutris
577 2191 707 2265 peccate
733 2192 853 2263 vestra3
891 2184 931 2246 de
951 2187 1072 2265 private
1103 2186 1209 2247 nescio

284 2268 337 2330 ubi
360 2270 512 2347 scriptura
533 2268 682 2348 loquitur:
710 2268 824 2329 idcirco
847 2266 979 2329 dominis
999 2268 1120 2327 Juristis
1142 2287 1210 2330 eam

285 2350 485 2432 commendo,
507 2357 541 2412 ut
560 2352 620 2432 ipsi
641 2350 784 2432 probent,
806 2351 857 2413 nbi
879 2351 918 2412 de
939 2352 1005 2412 iure
1020 2349 1125 2411 divino
1142 2369 1211 2430 pro·

285 2435 400 2496 bantur
420 2435 588 2496 satisfactio
611 2442 643 2496 et
663 2435 829 2513 confessio,
853 2441 887 2496 ut
907 2452 989 2494 nunc
1009 2434 1130 2494 suntin
1143 2451 1210 2497 usu.

284 2519 365 2579 Nam
395 2517 564 2578 satisfactio
600 2518 668 2596 illa,
709 2537 800 2598 quam
830 2517 991 2579 lohannes
1016 2517 1213 2597 praescripsit

284 2601 389 2663 Lucae
418 2604 464 2678 3.,
491 2606 541 2661 est
560 2602 654 2661 totins
674 2603 758 2662 vitae
781 2599 974 2661 Christianae
997 2597 1148 2678 officium,
1182 2607 1213 2660 et

286 2683 442 2766 generalis
464 2683 607 2746 omnibus
627 2685 773 2765 imposita
788 2691 819 2744 et
834 2684 973 2763 publica3
995 2683 1115 2763 privata
1135 2701 1211 2744 vero

286 2766 445 2828 confundo
468 2773 499 2826 et
520 2766 689 2852 satisfactio
711 2767 811 2828 fateor
831 2785 882 2828 me
902 2767 1030 2844 nescire,
1053 2765 1104 2829 ubi
1120 2764 1211 2826 doce-

287 2856 379 2910 antur
400 2855 432 2909 et
451 2850 687 2929 praecipiantur.

371 2931 595 2993 Conclusio.
631 2932 844 3014 Indulgentiae
871 2932 1117 3012 praerequirunt,
1150 2933 1212 2993 imo

288 3014 328 3078 ud
348 3015 546 3078 contritionis
568 3015 730 3076 veritatem
750 3015 866 3077 debent
885 3014 1034 3094 prodesse
1060 3021 1115 3076 aut
1142 3021 1214 3078 nunt

289 3100 443 3175 maxime,
475 3097 589 3161 tollunt
621 3099 727 3168 butem
753 3098 829 3158 nihil
856 3097 939 3159 alind
961 3116 1052 3177 quarn
1073 3099 1213 3179 privatae

288 3180 526 3262 significationis
546 3181 770 3260 impositiones.
800 3181 840 3240 Et
861 3181 907 3249 sic
928 3180 1107 3260 timendum,
1129 3180 1212 3262 qnod

287 3265 465 3343 frequenter
486 3272 693 3342 cooperentur
713 3270 822 3325 eontra
842 3265 1064 3344 poenitentiam
1089 3264 1212 3324 interio-
1310 3261 1319 3272 “

287 3367 364 3408 rem.
406 3347 487 3406 llam
507 3346 700 3426 poenitentia
719 3347 849 3408 interior
878 3354 925 3407 est
955 3367 1030 3408 vera
1058 3347 1212 3422 contritio,

225 3451 231 3458 ·
287 3449 366 3491 vcra
386 3429 552 3507 confessio,
582 3448 656 3490 vera
676 3429 846 3492 satisfactio
874 3431 905 3490 in
933 3431 1054 3511 spiritu:
1088 3427 1211 3507 quando

288 3513 455 3594 poenitens
475 3530 549 3572 vere
571 3513 733 3592 purissime
761 3513 819 3574 sibi
846 3513 987 3593 displicet
1007 3513 1037 3572 in
1060 3509 1211 3588 omnibus,

290 3615 372 3675 quae
393 3595 468 3655 fecit
491 3600 524 3654 et
544 3593 712 3655 efficaciter
733 3602 952 3656 convertuntur
979 3594 1020 3655 ad
1039 3594 1138 3654 Deum
1158 3612 1211 3672 pu-

351 3800 380 3868 ')
401 3800 492 3854 Verba
514 3802 686 3854 reverentiae
704 3806 732 3855 et
750 3803 853 3856 umoris
887 3799 981 3854 omnia
1004 3799 1032 3850 in
1058 3796 1156 3850 melius
1174 3797 1213 3848 in·

293 3874 479 3941 terpretantis.

352 3943 396 4013 ·*)
414 3943 508 3999 Amce
526 3945 694 4000 observatio.

1368 3735 1376 3780 l
