3075 4750
339 471 404 540 296
585 479 588 486 “
732 471 890 530 Posideum

337 647 474 710 lissimae
504 641 547 708 ibi
574 648 743 706 traotantur
777 650 813 704 et
833 643 868 704 in
889 643 996 723 pausis
1017 647 1138 706 murm
1160 641 1267 704 adltie

339 724 562 896 pibqnq)lrarum
584 727 715 788 thesium
737 725 915 792 redduntur.
945 725 1003 805 (ol.
1024 724 1147 787 Welolr.
1170 725 1267 788 XVIII

341 1061 495 1178 Prima
524 1059 765 1184 disputatio
794 1057 998 1156 Iohannis
1029 1059 1268 1194 Tetnsliio.

342 1261 411 1339 Quo
434 1263 548 1324 veritas
569 1267 684 1344 pateat,
708 1279 889 1340 erroresque
911 1260 1150 1342 supprimantur,
1173 1259 1268 1322 reddi·

342 1353 435 1426 taque
468 1346 589 1407 ratione
619 1350 727 1406 eontra
758 1343 942 1404 catholicam
963 1343 1126 1404 veritatem
1149 1343 1270 1406 obieeta
1345 1341 1348 1348 '

342 1429 510 1508 solvantur,
532 1428 639 1488 Frater
660 1425 949 1504 lohannesTetnel,
971 1424 1088 1487 ordInis
1109 1425 1269 1488 Praediea

342 1517 461 1592 torum,
485 1529 593 1572 saores
612 1509 807 1589 Theologiae
829 1509 1069 1587 Baeoaleureus‚
1101 1529 1141 1569 ao
1163 1509 1268 1570 haere·
1319 1555 1322 1563 ,

282 1619 292 1661 ·.
342 1596 423 1656 tieae
444 1593 605 1676 pravitatis
617 1591 792 1688 inquisitor,
816 1590 1002 1734 subscriptas
1019 1591 1195 1672 positiones
1207 1612 1267 1653 sus

341 1676 449 1739 dnebit
482 1678 513 1738 in
553 1674 772 1737 florentrssimo
803 1673 906 1735 studio
958 1673 1197 1742 ranoklordensi
1227 1675 1267 1735 ois

734 1755 880 1817 Odorem.

215 1965 221 1970 -
341 1923 399 1986 Ad
431 1923 582 1983 laudem
604 1922 691 2000 Dei,
723 1940 793 2001 pro
826 1920 921 1982 fidei
949 1921 1185 1985 eatholioae
1208 1922 1267 1984 de·

341 2007 540 2084 tensione,
577 2003 706 2083 obque
736 2011 898 2065 sanotae
926 2004 1037 2066 sedis
1066 2008 1267 2086 apostoli·
1302 2007 1307 2013 “

661 2105 728 2146 eae
749 2087 946 2150 honorem.

428 2249 461 2332 1)
487 2252 635 2313 Dominus
658 2258 763 2312 noster
786 2253 869 2313 lesus
902 2223 1042 2313 doristus
1070 2259 1269 2314 seoramenta

342 2334 560 2417 novaelegis,
589 2335 629 2396 ad
652 2353 731 2415 quae
752 2335 852 2397 voluit
873 2341 1003 2397 ounotos
1025 2335 1176 2417 obIIgari,
1199 2342 1270 2418 post

343 2439 431 2479 suam
452 2419 629 2501 passionem
648 2426 679 2479 et
700 2420 925 2496 assensionem,

426 2505 463 2577 2)
486 2500 594 2561 Voluit
615 2502 707 2568 etiam
730 2508 859 2564 ounotos
873 2500 995 2563 ,dooere
1015 2505 1088 2562 ante
1099 2520 1188 2562 suam
1200 2522 1268 2583 pes

342 2586 464 2646 alonem
486 2603 543 2664 per
563 2584 754 2665 aptissimam
776 2602 862 2644 suam
884 2583 1158 2665 praedicationem.

426 2670 464 2743 3)
489 2665 634 2745 Quisquis
657 2684 731 2747 ergo
757 2665 842 2747 dicit,
865 2666 1030 2746 Christum,
1053 2666 1125 2727 dum
1148 2667 1269 2748 praedi·

342 2749 440 2810 eavit:
463 2749 685 2829 poenitentiam
702 2750 796 2829 agite,
818 2751 864 2810 sio
884 2750 1021 2811 voluisse
1042 2750 1269 2830 poenitentiam

341 2832 517 2892 interiorem
540 2836 572 2891 et
591 2833 776 2892 exteriorem
799 2833 899 2893 earnis
922 2831 1205 2912 mortIfioationem,
1260 2876 1269 2893 .

424 2915 461 2993 4)
484 2913 526 2974 Ut
549 2933 618 2979 non
648 2915 740 2975 etiam
769 2915 883 2977 dooere
904 2915 954 2975 vel
976 2914 1193 2996 eointeIlIgere
1214 2934 1268 2997 po·

342 2996 432 3056 tuerit
452 2996 663 3076 poenitentiae
682 3005 907 3058 recrementum
919 2999 1046 3078 eiusque
1057 3007 1172 3079 partes,
1195 3018 1268 3061 oon·

341 3078 508 3139 sessionem
542 3084 574 3139 et
602 3078 844 3140 satisfactionem
879 3087 1024 3159 tanquam
1055 3080 1268 3161 obligatorias,

342 3166 431 3223 errat.
473 3160 539 3221 Imo
562 3162 637 3221 nihil
659 3182 742 3221 nuno
761 3164 857 3243 iuvat,
879 3164 904 3223 si
915 3163 1044 3224 interior
1056 3182 1162 3245 poena
1174 3166 1268 3225 etiam

342 3249 485 3325 operetur
507 3245 690 3305 exteriorem
714 3244 995 3319 mortificationem,
1016 3248 1074 3307 nisi
1088 3246 1172 3308 adsit
1182 3246 1267 3308 faoto

334 3326 393 3387 'vel
415 3333 489 3389 voto
513 3326 667 3388 confessio
691 3334 722 3387 et
743 3328 922 3389 satisfactio.

424 3412 462 3475 5)
485 3408 570 3469 Haeo
593 3410 760 3471 satisfaotio
787 3423 874 3485 (oum
886 3412 970 3472 Deus
987 3411 1132 3473 delictum
1147 3411 1268 3493 absque

341 3491 460 3553 ultione
488 3511 552 3553 non
573 3490 724 3573 patiatur)
748 3512 805 3573 per
825 3513 960 3574 poenam
981 3493 1026 3571 lit,
1046 3494 1097 3555 vel
1119 3497 1266 3575 aequiva-

339 3572 418 3654 lens,
440 3576 470 3634 In
492 3575 707 3653 aooeptatione
729 3575 842 3639 divina.

415 3753 444 3821 l)
465 3754 535 3809 Edit.
552 3756 611 3809 den.
627 3756 699 3810 hano
718 3756 795 3811 addit
812 3765 924 3812 notam:
958 3715 1066 3813 llaram
1086 3760 1206 3815 duarum
1228 3780 1268 3816 se·

342 3829 484 3892 quentium
515 3825 752 3896 disputationum,
780 3846 850 3899 quas
879 3832 950 3884 salso
969 3833 1082 3901 quidam
1101 3832 1269 3887 adscribunt

341 3896 453 4018 Iormnit
469 3896 591 3953 Tetaello
619 3906 686 3968 eto,
715 3906 797 3956 autor
828 3904 880 3956 fult
906 3902 986 3958 Doot.
1008 3903 1153 3958 Conradns
1174 3905 1267 3959 Vnim-

341 3980 407 4032 prna
426 3982 477 4019 sc.
