3075 4750
334 399 395 512 101
660 443 808 498 Sermones
826 439 938 498 lutheri

334 615 443 679 Matth.
469 611 578 676 XXV.
611 612 748 674 Deinde
789 612 983 693 prosequitur
1030 606 1149 673 scilieet
1198 609 1252 671 lin·-

335 717 414 780 gua,
444 714 523 776 qaae
553 701 602 756 est
641 697 730 776 peior
756 695 877 777 gladius
907 713 998 774 quam
1024 695 1095 754 lei-ri
1122 693 1253 775 gladius,
1293 745 1298 759 ‚

335 781 449 843 ethos
469 777 551 859 apud
571 779 671 839 Deum
693 786 725 839 et
745 779 886 840 homines
909 785 940 838 et
962 796 997 838 sa
1016 777 1126 858 ipsum.
1148 777 1252 837 Tertio

337 865 410 945 lacit
430 860 624 923 mendacium
653 869 686 922 et
706 863 863 941 iniuriam,
894 862 965 941 quia
987 862 1108 942 roganti
1126 879 1164 941 ec
1183 877 1254 920 oon·

335 947 435 1006 litanti
456 962 494 1004 eo
516 962 572 1024 per
591 944 653 1005 hoe
673 946 734 1004 iam
755 947 837 1006 iusto
859 945 938 1005 haec
958 941 1098 1024 imponit,
1131 950 1163 1005 et
1183 943 1257 1003 facit

336 1027 527 1088 mendaciter
547 1032 579 1086 et
605 1027 709 1107 inique
736 1035 845 1089 contra
867 1047 952 1106 eum,
988 1026 1132 1106 quodsi
1162 1026 1256 1088 etiam

336 1111 409 1171 telis
432 1116 523 1188 esset,
566 1110 688 1190 qualem
714 1112 783 1191 ipse
811 1117 946 1173 accusat.
989 1109 1100 1170 Adhuc
1120 1109 1258 1170 ‘incurrit

335 1195 368 1253 in
389 1191 553 1271 Ghiiatum,
575 1195 626 1272 qui
650 1213 757 1254 omncs
774 1200 955 1274 peccatores
969 1192 1146 1274 suscepitin
1168 1207 1205 1252 ss
1227 1192 1258 1251 al

337 1275 411 1338 ideo
433 1275 573 1337 Chastus
592 1276 754 1356 iudicatur,
777 1283 947 1354 accusatur,
969 1276 1135 1354 mordetur,
1164 1293 1257 1355 quan·

338 1359 501 1438 docunque
530 1368 677 1440 peccator
709 1362 894 1441 quicunque·
909 1365 1069 1420 accusatur
1095 1363 1154 1418 etc.
1199 1355 1259 1432 Qui

339 1450 444 1502 autem
466 1441 619 1502 Christum
641 1441 767 1520 iudicat,
791 1463 878 1504 suum
900 1441 1032 1502 iudicem
1053 1441 1177 1520 iudicat,
1205 1439 1259 1519 qui
1293 1515 1296 1520 Ι
1365 1485 1366 1490 ,

342 1532 445 1585 aotam
465 1524 599 1584 iadicem
620 1525 745 1602 iudicet,
761 1525 866 1585 'Deum
881 1524 1032 1585 violenter
1048 1531 1154 1604 negat:
1177 1523 1259 1604 vide,

340 1626 401 1687 qao
423 1609 585 1688 perveniat
605 1608 708 1668 furens
730 1617 760 1691 et
779 1610 929 1688 insipiens
943 1607 1097 1688 superbia.
1141 1604 1259 1667 Contra
1367 1653 1368 1656 η

340 1691 463 1750 homilis
485 1690 538 1750 ille
560 1692 843 1770 proximumeuum
866 1689 1023 1769 iustificat,
1054 1709 1088 1750 se
1115 1703 1188 1750 vcro
1213 1707 1260 1750 so-
1368 1729 1369 1746 t

341 1774 405 1832 lom
427 1779 563 1849 accusat,
586 1775 657 1851 quia
678 1774 763 1852 dicit7
782 1774 862 1834 mihi*
877 1775 1044 1854 peccatori,
1072 1791 1135 1834 non
1155 1775 1261 1832 autem
1369 1827 1370 1842 ς

340 1856 431 1917 nobis
452 1855 679 1934 peccatoribus.
723 1857 832 1936 Putas,
863 1856 945 1936 quod
968 1864 1030 1916 tem
1052 1849 1109 1916 fuit
1129 1854 1262 1931 invidus,

342 1945 377 1998 ut
396 1938 495 1997 nollet
515 1939 610 1998 etiam
632 1939 701 1998 allis
728 1940 945 2020 peccatoribus
967 1940 1066 2000 Deum
1095 1957 1165 1999 esse
1187 1957 1261 2018 ‹pro-

341 2020 471 2102 pitium?
506 2018 598 2102 (wne
626 2023 730 2100 utique
759 2039 823 2083 non
844 2023 952 2083 fuisset
972 2021 1174 2099 iustificatos,
1199 2019 1260 2080 sed
1372 2062 1373 2091 t

343 2105 430 2184 peius
453 2102 634 2188 damnatus)
659 2104 713 2164 sed
736 2107 890 2166 neminem
924 2105 1000 2165 vidit
1028 2121 1097 2165 esse
1118 2109 1261 2183 pcccato—
1373 2156 1374 2174 ,

342 2186 407 2246 rem
434 2192 557 2266 praeter
574 2205 623 2245 'se
660 2186 775 2267 solum,
804 2207 913 2248 omnes
943 2196 1031 2248 crant
1049 2205 1052 2214 ·
1067 2189 1153 2263 iusti,
1183 2205 1261 2265 quoe
1374 2252 1375 2270 χ

344 2269 403 2328 sibi
431 2267 639 2348 eoniparabat.
684 2269 735 2330 Sic
772 2272 876 2331 omnia
906 2271 1021 2330 munda
1047 2269 1185 2348 mundis,
1207 2270 1261 2327 im·

345 2350 473 2412 mandis
486 2358 589 2412 aotam
612 2352 686 2412 nihil
707 2359 756 2414 est
777 2353 932 2415 mundum.
955 2353 1043 2415 Patet
1062 2372 1153 2432 nune,
1178 2350 1261 2431 quod
1375 2348 1376 2366 ¹

343 2437 403 2496 iste
422 2434 605 2497 Pharisaeos
626 2437 756 2515 primum
778 2434 978 2517 praeceptum
1001 2455 1064 2497 non
1086 2437 1174 2511 fecit,
1207 2434 1261 2495 sed

343 2518 453 2579 habuit
469 2519 569 2579 Deum
590 2518 723 2579 alienum
750 2516 794 2602 (si
816 2538 878 2580 non
901 2518 1058 2580 habuisset
1069 2519 1168 2579 Deum
1189 2518 1262 2578 alie·

344 2620 427 2681 aum,
450 2602 554 2680 utique
574 2602 672 2661 iustos
698 2603 841 2681 luisset),
876 2602 993 2663 idolum
1026 2602 1144 2662 scilicet
1178 2601 1263 2662 iusti·

344 2685 406 2743 tiae
431 2702 507 2743 suae
526 2685 559 2741 in
582 2684 676 2744 corde
698 2691 855 2747 statutum.
899 2684 959 2745 Sed
982 2686 1178 2744 nuncetiam
1200 2682 1263 2762 qui-

346 2765 421 2825 libet
442 2765 499 2825 sibi
520 2766 580 2845 ipsi
601 2768 778 2847 prospiciat,
811 2768 862 2846 qui
884 2766 951 2828 odit
970 2768 1052 2827 hunc
1065 2766 1263 2827 Pharisaaum

343 2848 438 2926 atquc
459 2847 598 2926 despicit,
623 2869 661 2909 ne
685 2851 755 2910 telis
776 2852 843 2930 ipsc
865 2849 919 2911 fiat
939 2868 1032 2931 supra
1053 2849 1264 2927 Pharisaeum,

345 2929 444 3008 qualis
473 2929 525 2989 hic
558 2930 658 2992 factus
699 2930 748 2993 'est
786 2950 879 3012 supra
913 2932 1119 3015 publicanum.
1162 2930 1263 2992 Credo

346 3011 430 3090 qood
451 3014 692 3092 paucitimeant,
715 3032 749 3076 sa
763 3012 928 3076 Pharisaeo
942 3016 1057 3087 similes
1072 3032 1152 3093 esse,
1173 3028 1264 3094 quem

347 3094 470 3172 odiunt3
490 3094 628 3176 sedego
652 3099 732 3176 scio,
763 3098 847 3177 quod
874 3099 977 3179 plures
1000 3099 1028 3157 ei
1050 3098 1165 3157 similes
1188 3099 1264 3157 sint:

345 3178 413 3256 quie
432 3178 517 3237 'anim
539 3184 600 3237 tam
623 3181 771 3260 superbus
794 3190 857 3258 est,
887 3182 937 3259 qui
960 3182 1100 3241 scamni
1122 3179 1266 3261 superbia
1325 3200 1331 3208 ’

347 3278 475 3319 vacuum
497 3260 645 3340 glotietur
673 3270 704 3323 et
730 3264 825 3323 huius·
839 3264 994 3343 publicani
1028 3282 1176 3323 summam
1207 3261 1266 3323 sibi

350 3349 482 3423 arroget·
514 3343 739 3405 humilitatem?
786 3345 887 3421 Quare
918 3347 1021 3427 potius
1059 3362 1265 3427 agnoscamus

346 3444 404 3485 nos
427 3444 502 3485 esse
518 3425 728 3507 tales,·qualis
748 3438 815 3489 etat
829 3428 1027 3513 Pharisaeus,
1049 3436 1081 3489 et
1106 3442 1266 3510 gemamus

347 3508 441 3587 atqtie
469 3507 610 3568 odiamus
642 3529 699 3571 nos
723 3508 815 3591 ‘ips'os
844 3513 942 3591 magis
971 3530 1063 3593 quam
1088 3512 1200 3589 illum,
1234 3516 1267 3571 et

349 3610 412 3651 aon
435 3590 665 3671 psaemmamiis
697 3595 811 3673 securi,
845 3594 929 3673 quod
955 3593 1123 3675 publicano
1150 3593 1266 3654 similes

346 3674 453 3749 simoi,
486 3674 686 3753 qoia'beatua
707 3676 760 3736 ille
783 3672 872 3736 ni'mis
894 3677 950 3737 fuit
970 3682 1002 3736 et
1029 3674 1110 3738 filius
1138 3678 1266 3757 g'ratlaa

348 3775 407 3817 nos
428 3763 531 3817 eutem
545 3755 613 3818 lilii·
628 3766 766 3837 naturae,
788 3758 859 3819 ideo
883 3767 914 3820 et
934 3760 1009 3820 irae.
1071 3786 1079 3797 ·
