3075 4750
544 471 598 566 ⁰Ii.
618 511 751 566 iohannis
770 512 893 567 Tstselii.
1128 511 1196 580 299

268 679 410 758 xandae,
441 679 535 741 stulta
555 680 672 742 faciunt
693 681 772 742 tates
792 682 949 763 homines,
971 703 991 744 a
1010 682 1197 746 redimendis

270 764 551 826 confessionalibus
565 763 776 826 dehortantes.

327 866 331 874 ·
355 845 417 928 34)
441 846 489 909 Ob
509 848 710 908 iniectionem
730 861 876 908 manuum
899 850 930 909 in
943 845 1060 910 ciarum
1075 870 1197 912 exeom-

269 931 455 1009 munioatis,
488 930 700 1009 incendiariis,
740 937 773 992 et
798 933 983 996 incestuosis
1009 952 1076 995 non
1098 935 1199 995 solum

268 1019 342 1094 post
365 1013 603 1092 absolutionem,
626 1013 681 1074 sed
702 1015 870 1094 aliquando
891 1022 964 1097 post
981 1025 1198 1098 mortampoe

268 1115 327 1158 nae
351 1099 565 1177 imponuntur:

354 1181 412 1255 35)
437 1180 492 1240 His
515 1181 554 1240 de
576 1198 639 1240 non
660 1180 801 1242 iterando
823 1182 1037 1260 iuramentum
1058 1184 1127 1244 istis
1150 1203 1197 1246 ss-

272 1263 429 1341 tissacti03
452 1265 502 1342 qui
525 1261 556 1323 id
579 1281 655 1344 ergo
677 1280 772 1346 posse
793 1263 860 1327 fleri
880 1272 984 1363 negat,
1007 1273 1097 1326 errat.

356 1342 414 1428 36)
438 1345 507 1406 Non
542 1365 561 1406 a
588 1345 810 1408 dormientibus
838 1348 1010 1427 episcopis,
1043 1349 1133 1409 sed
1125 1350 1198 1411 ruris

271 1429 432 1510 capitulis,
462 1428 613 1488 discretus
647 1435 678 1490 et
703 1431 773 1510 pius
802 1430 922 1491 iubetur
950 1449 1020 1491 csse
1041 1432 1198 1512 sacerdos,

270 1522 304 1573 ut
324 1531 368 1594 po
371 1513 429 1572 tius
452 1529 521 1572 oum
543 1512 616 1572 exili
637 1513 750 1593 podria,

279 1607 282 1612 ·
357 1597 416 1670 37)
441 1595 529 1657 Ultro
552 1602 698 1676 excepta,
725 1598 864 1657 mittatur
886 1596 1046 1658 confessus
1067 1597 1107 1657 ad
1129 1615 1198 1677 pnr-

271 1679 438 1760 gatorium
461 1697 552 1758 quam
576 1696 643 1738 cum
666 1677 799 1740 refutata
820 1679 860 1738 ad
883 1679 1073 1760 gehennam3
1095 1681 1198 1760 quiid

272 1779 351 1842 ergo
375 1762 493 1822 zizania
514 1761 596 1839 dicit,
619 1768 709 1822 errat.

357 1845 416 1918 38)
440 1844 604 1923 Haeretici,
626 1845 824 1924 schismatici,
846 1851 879 1904 ct
900 1845 1005 1906 laesae
1025 1847 1197 1908 maiestatis

271 1929 316 1988 rei
340 1933 565 2007 postmortem
587 1930 909 2006 excommunicantur,
938 1929 1198 2005 anathematisan-

270 2015 399 2157 ture39
361 2010 610 2073 t.exhsmsntur

357 2091 587 2172 39)Quisquis
618 2111 693 2174 ergo
722 2093 813 2172 dicit,
784 2094 1014 2154 tmon'turos
1037 2111 1098 2174 per
1120 2113 1199 2156 mor-

271 2183 335 2236 tem
366 2177 470 2237 omnia
498 2175 634 2274 solvere,
673 2185 704 2236 et
731 2176 852 2257 legibus
882 2192 1035 2237 canonum
1065 2197 1126 2237 uon
1155 2185 1198 2239 te-

273 2261 338 2320 neri
374 2265 464 2319 errat
572 2269 575 2276 '

342 2306 416 2417 340)
440 2341 569 2402 Animas
592 2341 779 2423 purgandas,
802 2359 973 2421 quaecum
986 2292 1199 2423 gratiaetoa-

272 2428 363 2496 ritate
396 2424 579 2502 abscedunt,
612 2444 693 2505 quus
719 2424 831 2486 dividit
857 2427 938 2485 iuter
957 2426 1038 2487 tilios
1059 2428 1146 2507 regni
1167 2435 1200 2487 et

272 2509 472 2589 perditionis,
494 2514 525 2567 et
547 2508 641 2588 longe
662 2509 731 2589 pius
754 2509 989 2587 desperationis,

293 2634 295 2637 -
356 2594 415 2668 41)
441 2590 611 2650 Erroneam
640 2599 687 2651 est
715 2592 818 2651 dicere
844 2610 915 2651 esse
935 2606 1035 2671 prope
1055 2590 1198 2671 despera

248 2676 408 2747 tionem,
443 2674 515 2753 quin
544 2674 646 2752 potius
677 2676 708 2734 in
742 2694 798 2754 spe
826 2673 914 2734 firma
940 2674 980 2733 ad
1000 2673 1198 2735 beatitudinis

273 2756 592 2837 comprehensionem.
935 2790 938 2801 ·

356 2836 416 2921 42)
441 2837 499 2913 Qui
521 2838 603 2916 dicit,
626 2858 688 2900 non
711 2858 782 2900 esse
803 2839 965 2919 probatum
987 2839 1058 2899 ullis
1079 2846 1133 2900 aut
1153 2858 1199 2899 ra-

273 2923 410 2983 tionibus
433 2930 485 2981 aut
506 2923 678 3004 scripturis,
711 2929 859 3003 purgatos
882 2940 952 2982 esse
975 2929 1065 2982 extre
1086 2931 1200 2983 statum

272 3006 394 3081 meriti,
418 3012 507 3067 errat.

356 3084 416 3169 43)
439 3086 501 3162 Qui
522 3087 643 3167 adiicit,
677 3104 739 3148 non
763 3106 833 3147 esse
854 3087 1034 3168 probatum,
1067 3088 1151 3168 quod
1168 3088 1196 3169 ¹)

273 3173 335 3231 sint
359 3170 398 3231 de
420 3190 477 3231 sua
497 3170 688 3231 beatitudine
710 3172 785 3231 certi
814 3178 845 3231 et
872 3173 987 3250 securi,
1019 3178 1109 3234 erret.
1153 3171 1198 3232 si-

272 3254 395 3329 militer
419 3254 470 3333 qui
492 3252 574 3331 dicit,

328 3300 416 3412 44)
440 3336 510 3396 Non
533 3350 602 3396 esse
624 3336 741 3399 animas
763 3337 940 3418 purgandas
962 3337 1002 3397 de
1022 3356 1079 3396 sua
1099 3336 1200 3396 salute

272 3422 423 3481 certiores
446 3438 538 3499 quam
560 3438 642 3495 nos,
652 3439 771 3499 nosque
793 3439 863 3480 esse
885 3421 1083 3501 certissimos,
1106 3424 1198 3479 errat.

220 3568 224 3587 ,
357 3504 416 3580 45)
442 3500 556 3597 Papam
592 3522 647 3582 per
683 3503 853 3583 plenariam
884 3504 1097 3563 remissionem
1135 3519 1199 3560 non

271 3586 447 3665 intelligere
468 3586 604 3645 omnium
629 3592 675 3645 snt
663 3586 916 3664 tisinasci-iarum,
948 3584 1002 3645 sed
1030 3601 1050 3642 a
1070 3602 1105 3643 se
1127 3585 1198 3662 ipso

271 3670 495 3749 impositorum,
519 3674 608 3744 errat,
631 3671 683 3747 qui
705 3669 787 3729 dicit.

357 3748 416 3833 46)
440 3750 701 3831 indulgentiarum
729 3750 958 3833 praedicatores
980 3766 1096 3827 errare,
1125 3747 1197 3807 dum

327 4015 359 4081 1)
380 4014 512 4068 loeson:
531 4028 624 4083 quoru.
