3075 4750
500 461 505 469 ⁸
603 477 709 532 Nicolai
731 479 888 535 Amadorfii.
1181 488 1201 551 5

279 665 341 704 rum
362 645 423 704 iam
438 667 535 728 saepe
558 648 673 708 mentio
687 649 768 710 faeta
782 653 837 726 est,
861 658 1005 710 accurata
1027 654 1200 732 temporum

278 729 436 788 notatione
458 730 606 811 adhibita,
628 733 747 812 integre
760 740 792 793 et
803 733 960 809 inviolate,
972 738 1020 794 'ac
1033 738 1202 814 01000110-Ι

280 811 368 870 motis
391 811 523 874 aliorum
547 817 774 875 commentariis
797 815 968 877 ederentur.

359 895 449 955 Hunc
489 897 626 958 laborem
659 897 741 957 haud
777 898 868 958 dubie
904 899 971 958 Deo
1010 908 1129 982 gratum
1169 910 1201 963 01

277 976 429 1038 ecclesiae
461 979 627 1041 salutarem
659 988 762 1040 vestra
791 981 948 1042 Oelsitudo
977 990 1050 1062 0001
1083 985 1199 1045 obitum

277 1059 374 1120 Patris
409 1061 552 1122 laudatae
580 1065 747 1124 memoriae
775 1065 888 1123 eximia
920 1064 1053 1143 quadam
1084 1069 1201 1146 pietate

277 1144 422 1222 provehit
443 1151 595 1223 0101001,
618 1145 648 1204 id
667 1147 748 1224 quod
774 1145 966 1214 confirmatio
988 1149 1140 1230 privilegii
1155 1151 1203 1232 10-ί

278 1226 355 1303 01110,
380 1245 442 1287 000
462 1227 592 1288 obscure
606 1235 743 1289 testatur.
787 1229 884 1289 Deum
900 1235 1058 1290 aeternum
1081 1236 1198 1312 patrem

278 1309 450 1377 liberatoris
481 1313 578 1371 nostri
599 1311 675 1372 Jesu
698 1311 810 1372 Christi
833 1312 1048 1373 ardentissima
1069 1318 1197 1393 precati-

278 1412 338 1452 one
362 1412 434 1470 010,
457 1401 490 1453 01
510 1394 687 1456 inchoatum
713 1413 791 1474 opus
823 1403 953 1476 propter
971 1416 1056 1456 snam
1081 1404 1111 1457 et
1132 1399 1202 1474 Filii

277 1475 408 1554 gloriam
431 1475 582 1556 perficiat,
605 1476 696 1537 etad
719 1477 839 1537 felicem
854 1480 969 1537 exitum
992 1480 1150 1558 perducat,
1169 1491 1200 1542 et

278 1577 386 1618 omnes
410 1561 538 1619 conatus
561 1565 688 1620 satanae
711 1565 742 1620 et
754 1579 939 1642 organorum
963 1563 1028 1639 ejus
1043 1565 1199 1643 reprimat,

277 1642 328 1718 qni
351 1661 420 1701 eam
444 1647 558 1701 metam
580 1643 779 1722 prospiciunt,
803 1644 907 1703 uthoc
930 1643 1117 1705 mellificium
1140 1653 1197 1706 tur-

277 1723 365 1784 betur
391 1730 485 1803 atque
511 1725 705 1804 impediatur.
749 1726 857 1805 Neque
885 1746 959 1786 vero
988 1727 1111 1788 dubium
1142 1736 1197 1808 001,

278 1825 386 1867 001000
409 1807 478 1886 0100
500 1813 567 1868 1010
591 1808 666 1868 orbe
688 1816 835 1868 terrarum
859 1809 967 1870 eadem
991 1817 1064 1871 vota
1086 1813 1198 1892 facere,
1263 1847 1271 1855 ·

276 1891 450 1972 cogitantes
473 1889 512 1951 de
533 1891 672 1952 miranda
699 1893 917 1972 repurgatione
945 1893 1104 1955 doctrinae
1126 1895 1198 1955 divi-
1306 1879 1326 1905 '-

276 1974 358 2033 nitus
380 1973 461 2032 facta
487 1993 544 2054 per
564 1973 778 2034 Reverendum
809 1975 905 2035 virum
926 1975 1094 2037 Ductorem
1121 1976 1198 2038 Mar-

276 2058 374 2116 tinum
386 2056 560 2132 Lutherum,
585 2057 669 2116 etde
691 2058 860 2118 antichristi
877 2059 1096 2137 patefactione,
1119 2079 1198 2140 quae

276 2157 325 2198 res
350 2137 491 2200 omnibus
513 2141 593 2200 inter
616 2159 736 2200 summa
759 2141 842 2202 bona
864 2142 1023 2202 ducendae
1045 2150 1124 2204 sunt.

359 2221 515 2282 Hactenus
538 2222 576 2282 de
599 2225 699 2283 causis
722 2223 868 2284 editionis
892 2225 1026 2285 breviter
1048 2226 1128 2306 dixi,
1152 2247 1197 2286 se·

276 2305 393 2385 quitur,
427 2311 460 2365 01
487 2305 526 2366 (10
548 2313 729 2387 argumento
752 2308 841 2387 primi
870 2310 945 2367 tomi
966 2327 1067 2389 pauca
1088 2309 1198 2370 dicam.

360 2388 444 2449 Sciat
464 2390 556 2470 igitur
577 2390 675 2450 lector
703 2392 733 2450 in
756 2391 818 2450 hoc
840 2399 925 2450 tomo
953 2390 1098 2451 librorum
1119 2393 1198 2452 Doc-

278 2473 352 2531 toris
375 2472 509 2549 Lutheri,
533 2491 611 2551 quos
635 2472 689 2533 sub
711 2474 829 2533 initium
854 2475 1094 2552 controversiae,
1116 2494 1198 2534 anno

278 2557 324 2619 17.
351 2556 400 2619 18.
423 2555 473 2617 19.
495 2557 544 2619 20.
568 2557 617 2617 21.
641 2555 750 2635 edidit,
773 2556 894 2615 recitari
916 2554 1091 2635 historiam,
1119 2571 1198 2635 quae

276 2636 377 2715 docet,
401 2637 503 2716 qualia
522 2637 633 2698 fuerint
649 2638 737 2698 initia
749 2646 780 2699 01
791 2639 1026 2719 progressiones
1039 2638 1196 2718 disputati-

276 2739 370 2779 onum
394 2719 432 2779 de
453 2720 618 2801 religione,
648 2740 727 2799 quae
757 2740 851 2781 eausa
871 2720 1035 2782 Lutherum
1058 2722 1097 2781 ad
1121 2723 1199 2783 hacc

276 2804 445 2863 certamina
462 2804 626 2883 impulerit,
649 2809 680 2863 et
701 2804 785 2883 quod
807 2805 860 2863 lux
873 2804 996 2884 spiritus
1019 2806 1115 2865 sancti
1130 2806 1196 2865 sub·
1234 2815 1237 2819 “

276 2886 348 2945 10110
379 2886 490 2945 0101101
523 2894 554 2946 01
582 2884 698 2947 11101101
723 2888 754 2946 10
785 2893 889 2947 100010
921 2888 1017 2966 100100
1045 2887 1127 2948 10010
1149 2891 1197 2966 011,

275 2970 364 3046 item,
391 2968 472 3047 quod
496 2968 663 3029 adversarii
693 2968 869 3030 fulminibus
898 2971 1076 3029 iniustorum
1100 2972 1197 3031 crimi-

257 3053 451 3128 nationum,
475 3058 505 3111 et
527 3051 819 3113 condemnationum
842 3052 975 3131 Luthero
999 3056 1214 3126 occasionem¹

275 3134 473 3213 praebuerint
505 3136 675 3195 accuratius
712 3136 866 3197 scrutandi
896 3138 1079 3217 0011010100,
1118 3156 1198 3216 quae

277 3217 363 3277 solae
386 3222 457 3277 sunt
479 3220 707 3278 monstratrices
738 3226 769 3278 01
790 3225 885 3278 testes
909 3220 1033 3279 minime
1054 3218 1197 3281 fallentes

277 3300 422 3359 veritatis.
860 3331 862 3334 v
907 3316 910 3322 ’

358 3382 400 3444 111
421 3388 523 3443 autem
545 3388 612 3443 tota
633 3402 726 3445 eausa
747 3383 835 3445 lieret
862 3387 1058 3464 conspectior
1080 3392 1111 3445 01
1131 3386 1196 3446 illu-

277 3468 375 3544 strior,
399 3466 520 3545 quidam
539 3466 712 3527 Germanioi
729 3468 826 3528 libelli
847 3470 879 3528 in
901 3468 1043 3529 Latinam
1059 3468 1195 3549 linguam

277 3549 416 3609 translati
439 3554 518 3626 sunt,
542 3558 573 3611 et
593 3558 719 3631 propter
740 3552 899 3612 historiam
919 3552 1069 3612 nonnulla
1090 3552 1196 3611 adver-

276 3634 425 3693 sariorum
440 3633 554 3711 scripta
575 3634 645 3694 huic
668 3640 752 3695 tomo
767 3631 933 3695 intertexta
945 3644 1024 3695 sunt.
1062 3634 1197 3695 Proinde

276 3718 342 3795 pius
371 3716 470 3775 lector
500 3734 538 3775 ex
567 3718 666 3797 primo
702 3724 788 3778 tomo
819 3715 1006 3799 cognoscet,
1038 3718 1195 3799 quomodo

276 3798 423 3879 paulatim
448 3798 615 3860 certamina
629 3800 667 3861 de
690 3800 885 3881 dogmatibus
903 3801 1064 3879 creverint,
1087 3800 1196 3881 quibus

276 3886 307 3941 et
335 3881 477 3943 doctrina
503 3882 665 3965 Evangelii
699 3891 863 3965 repurgata
892 3890 954 3963 001,
987 3889 1019 3943 01
1045 3884 1196 3944 immensa

276 3962 431 4045 turpitudo
455 3966 623 4027 antichristi
646 3968 800 4047 patefacta
821 3974 876 4027 est.
918 3966 952 4025 In
976 3968 1085 4027 ceteris
1104 3968 1195 4027 tomis
