3075 4750
333 481 376 552 56
663 477 812 548 &rma
828 475 941 538 liutheri

224 666 229 675 ‘
337 653 450 717 diuina
463 699 466 706 .
480 649 681 730 inspiratione
712 653 747 710 et
781 645 973 710 tordatione
1003 642 1129 721 omoin,
1162 646 1201 704 ot·
1218 639 1257 704 bi

339 733 608 816 suntprophetae,
629 734 701 796 ut2.
714 731 795 793 Patr.
807 733 842 794 2:
866 728 982 809 spiritu
990 735 1099 791 sonmo
1119 726 1259 806 inspirati

345 820 441 882 loouti
458 821 533 878 sunt
545 817 651 884 ,saneti
668 815 725 876 Dei
745 814 899 893 homiues,
919 830 1132 892 necunquam
1154 809 1258 871 volnu-

343 909 407 964 tate
421 899 555 960 humana
566 904 614 959 est
630 897 726 959 allata
739 898 912 978 prophetia.
929 895 1100 971 *seminia
1120 913 1185 957 nou
1196 899 1259 955 tn·

343 993 409 1046 tum
426 981 538 1058 aDeo,
558 981 613 1042 sed
636 982 735 1047 aDeo
756 1001 813 1061 per
827 981 970 1044 homines
992 985 1025 1041 et
1044 980 1078 1040 iu
1097 978 1262 1041 voeeviva

330 1068 389 1140 sio
419 1083 528 1126 omnes
559 1064 737 1132 erudiuntur
762 1064 803 1126 sd
830 1064 979 1127 iristitiam
998 1063 1180 1140 aDso'par
1209 1059 1260 1122 ni·

342 1148 505 1212 nisterium
525 1145 701 1225 hominum,
736 1155 768 1210 ot
797 1148 829 1208 hi
854 1153 927 1207 sunt
953 1147 1141 1227 sapientes,
1159 1143 1262 1205 ut-iis.

342 1235 401 1298 36:
448 1229 490 1292 Oe
513 1230 585 1292 iusti
619 1230 828 1295 meditabitur·
842 1230 1011 1310 sapientia,
1043 1234 1076 1290 et
1095 1227 1185 1305 aiibi,
1218 1225 1262 1286 Os
1380 1254 1382 1307 4

346 1332 449 1380 meum
469 1312 605 1392 loquitur
625 1314 819 1394 sapientiam.
860 1312 980 1391 Tertio,
1012 1329 1113 1390 neque
1133 1329 1189 1390 per
1209 1327 1263 1371 mu·

345 1396 511 1461 nisteriurn
528 1395 685 1461 hominnm
707 1415 766 1458 neo
787 1403 889 1456 tamen
911 1415 932 1456 a
951 1395 1131 1471 snioalieo,
1148 1391 1204 1454 sed
1224 1410 1280 1461 ex,
1382 1398 1383 1431 ³

346 1480 482 1540 leotione
502 1479 828 1560 sumpturam-scilieet
847 1477 1044 1558 quilegendo
1064 1483 1097 1538 et
1117 1475 1264 1538 median-
1383 1504 1384 1529 i

332 1563 386 1636 ¹do
414 1581 486 1628 sese
518 1570 667 1634 exercent
693 1562 732 1624 ad
758 1562 969 1642 soguitionom
1006 1559 1159 1638 veritatis,
1185 1558 1265 1620 ‚faeti
1384 1610 1385 1617 ,

344 1651 489 1726 potentes
512 1646 705 1726 interpretati
727 1646 907 1725 scripturas,
923 1643 1103 1706 etsoribare
1121 1640 1266 1724 legenda

343 1728 540 1808 igitursiout
571 1728 683 1808 triplex
714 1734 761 1790 eet
781 1727 926 1805 verbum,
958 1726 1077 1790 ocima
1095 1725 1266 1806 cogitatum

344 1817 376 1872 et
399 1810 549 1888 mentale,
572 1810 685 1874 dietum
707 1830 762 1874 seu
778 1810 906 1888 voeale,
928 1811 1075 1890 seriptum
1095 1827 1153 1870 seu
1166 1826 1266 1888 sorap-
1386 1832 1387 1835 ’

333 1893 422 1970 tile,
444 1892 488 1954 ita
509 1900 580 1960 sunt
592 1893 725 1974 triplioea
736 1893 859 1972 eruditi,
881 1892 1066 1974 prophetae,
1086 1889 1266 1970 quamde,

347 1977 520 2056 sapientes,
543 1976 595 2056 qui
615 1995 707 2052 anre,
720 2015 722 2020 -
736 1975 871 2054 soribae,
900 1976 952 2055 qui
978 1975 1071 2036 ooulo
1093 1973 1266 2037 doetrinam

349 2057 536 2138 percipiunt,
557 2065 589 2122 et
609 2060 745 2120 vivaoior
767 2066 818 2121 est
825 2058 956 2128 eruditio
978 2057 1267 2138 sioutoogitatione,

345 2159 542 2220 quamvoee,
564 2142 935 2222 itevooequamsoripto.
957 2140 1037 2216 Quia
1046 2140 1195 2204 literaest
1203 2159 1267 2202 vox
1389 2143 1390 2172 ¹

338 2230 475 2301 ‚mortua
488 2242 550 2288 vox
560 2231 663 2289 autern
676 2231 724 2286 set
733 2225 913 2303 literaviva,
925 2224 982 2284 sed
995 2230 1098 2285 tamen
1107 2234 1157 2287 est
1166 2225 1268 2286 sdbaa

346 2306 494 2387 cogitatio
505 2313 636 2372 mortua.
660 2307 816 2390 Cogitatio
830 2327 908 2372 vero
915 2307 1013 2389 digito
1023 2307 1082 2369 Dei
1093 2312 1208 2390 seripta
1220 2311 1269 2370 est

346 2390 553 2457 vitavooiset
565 2391 682 2457 literae.
718 2392 800 2468 Quia
808 2393 907 2473 magis
919 2396 1025 2453 movet
1035 2410 1100 2453 vox
1120 2410 1213 2470 quam
1234 2392 1268 2452 li·

351 2477 428 2551 tera,
452 2472 506 2535 sed
527 2474 595 2554 pius
612 2476 769 2555 cogitatio,
792 2493 884 2555 quam
897 2494 970 2552 vox,
989 2475 1055 2538 imo
1066 2474 1150 2537 Deus
1163 2475 1270 2537 scribit

221 2549 223 2563 ⁴
291 2560 295 2569 '
349 2558 380 2615 in
406 2555 548 2618 cordibus
571 2564 603 2618 et
623 2558 696 2617 iseit
715 2558 899 2638 prophetas,
920 2557 1015 2618 homo
1037 2557 1145 2619 scribit
1163 2559 1195 2618 in
1216 2577 1268 2618 au-

349 2638 434 2698 ribus
457 2642 488 2699 et
510 2639 595 2699 libris
617 2660 695 2701 vooe
724 2647 756 2701 et
777 2640 874 2701 litera.
916 2639 1079 2713 Quaeritur
1099 2642 1206 2720 igitur,
1234 2647 1270 2701 ut

348 2720 429 2797 dixi,
452 2739 505 2780 our
526 2721 584 2782 hos
602 2729 720 2782 tanturn
737 2724 838 2783 mittat
859 2728 891 2783 st
911 2742 974 2783 non
988 2723 1107 2785 iustos?
1128 2725 1268 2805 Respon-

348 2802 455 2880 detur,
487 2802 527 2863 ed
549 2804 791 2884 ostendendum,
823 2805 920 2885 qnod¹
939 2807 1046 2868 omnis
1068 2804 1197 2880 rebellio
1219 2812 1270 2868 est

349 2905 389 2946 ex
410 2886 561 2965 sapientia
582 2888 811 2967 carnis-,tque
843 2908 906 2951 non
935 2895 1040 2969 potest
1059 2888 1166 2951 subiici
1188 2890 1268 2968 Deo,

349 2988 418 3028 oum
441 2985 549 3029 omnes
576 2969 711 3031 habeant
742 2971 843 3040 zelum
865 2971 923 3032 Dei
951 2979 983 3031 et
1002 2971 1202 3051 arbitrentur,
1232 2992 1268 3033 ss

347 3050 434 3111 bona
453 3051 613 3127 uoluntate
636 3053 817 3133 obsequium
839 3054 907 3115 Deo
935 3060 1094 3135 praestare
1127 3055 1268 3117 sednon

350 3133 520 3194 seeundum
541 3135 736 3214 scripturam,
769 3156 829 3196 neo
853 3136 1015 3198 humiliant
1048 3158 1269 3219 suumsapere

351 3222 381 3276 et
400 3228 535 3277 sensum.
577 3217 695 3279 ideireo
718 3220 844 3299 iustum,
868 3220 969 3299 pium,
991 3221 1270 3303 rnitem'requirunt

350 3305 386 3358 et·
401 3300 564 3380 recipiunt,
598 3301 653 3361 sed
674 3312 807 3379 verunt,=
837 3308 953 3365 eertum
976 3310 1007 3364 et
1028 3304 1201 3385 sapientem
1221 3322 1268 3363 re-

349 3381 484 3462 pudiant.
528 3382 608 3443 Tota
632 3384 820 3446 oonfliotatio
842 3392 890 3447 est
911 3386 950 3447 de
970 3384 1079 3447 mediis
1101 3387 1140 3447 ad
1164 3385 1269 3462 tinem,

351 3464 390 3524 de
410 3462 472 3525 fine
498 3467 696 3549 consentiunt
716 3483 836 3528 ornnes.
879 3468 994 3531 Omnes
1018 3469 1125 3531 volunt
1156 3469 1270 3530 salvari

351 3555 382 3608 et
403 3547 470 3608 Deo
492 3548 629 3627 plaeere,
652 3549 707 3610 sed
730 3550 914 3620 dissentiunt
933 3554 965 3613 in
988 3570 1046 3632 eo,
1065 3554 1097 3613 in
1121 3572 1182 3632 quo
1203 3550 1269 3634 pia

351 3629 483 3691 nendum
505 3637 560 3693 est.
603 3632 721 3693 ideireo
734 3633 857 3715 superbi
870 3654 992 3717 semper
1004 3642 1110 3697 contra
1122 3634 1271 3696 iustitiam

352 3713 409 3773 Dei
431 3722 586 3794 pugnant,
609 3722 640 3775 et
662 3715 821 3778 stultitiam
842 3719 1021 3798 aestimant,
1069 3738 1128 3780 uae
1143 3718 1270 3799 ¹sapien-

350 3797 394 3855 tia
415 3797 459 3856 eis
481 3798 626 3877 mittitur,
648 3800 788 3861 similiter
809 3803 922 3861 veritas
945 3803 989 3862 eis
1010 3820 1059 3862 me
1083 3800 1204 3862 dacium
1226 3802 1271 3861 vi·

352 3876 450 3941 detur.
492 3878 557 3941 imo
581 3890 859 3964 persequunturlet
879 3882 1028 3958 occidunt
1045 3880 1203 3968 eos,·.qpi-
1218 3882 1269 3963 v'e·

350 3961 472 4025 ritatem
495 3962 609 4031 dieunt.
652 3964 703 4027 sio
720 3968 807 4029 'enim
838 3975 871 4027 et
896 3986 957 4049 ego
979 3964 1270 4057 semperprjfludisso
