3075 4750
630 474 655 512 a
667 415 891 522 russiana
992 481 1005 504 ι
1141 459 1203 526 179

281 625 437 705 pulsatur,
465 627 538 692 dum
567 645 630 688 uou
658 627 810 709 pulsatur,
845 579 917 692 dum
947 629 1061 709 fugitur
1086 628 1126 690 ab
1152 642 1201 705 ee,

280 711 411 772 eurritur
438 711 478 772 ad
510 727 590 771 eum.
639 709 727 784 Quae
760 713 864 774 omnia
896 714 929 772 in
954 711 1096 772 Zachaeo
1131 711 1202 774 vide

280 792 524 856 mirabilissime:
552 813 653 874 neque
681 795 762 856 enim
785 795 956 874 pulchrius,
980 795 1115 856 ornatius
1137 789 1201 856 mo·

279 874 354 936 dum
377 875 455 953 vidi,
487 895 578 958 quom
605 876 667 938 hoo
686 876 758 938 looo
781 878 976 958 descriptum.
1021 878 1199 940 Orationem

279 959 361 1018 enim
385 979 490 1022 veram
512 959 614 1020 nullus
635 959 720 1021 audit
740 962 799 1021 nisi
823 961 923 1042 Deus,
956 980 1013 1022 neo
1040 961 1133 1022 homo
1157 962 1200 1041 ip-

279 1047 395 1121 semet,
429 1051 461 1104 et
488 1051 538 1104 est
563 1044 594 1102 in
621 1045 761 1106 oratioue
794 1046 885 1106 etiem
909 1043 1034 1106 mentali
1064 1046 1143 1104 siout
1163 1045 1193 1106 io

279 1125 413 1204 uireulo,
448 1128 554 1208 signo,
592 1127 780 1206 cogitatione
807 1129 827 1189 i.
851 1127 931 1187 eid
960 1127 1043 1208 quod
1070 1129 1200 1206 petimus

279 1214 327 1268 eut
361 1208 448 1269 velut
484 1208 624 1271 cuculus.
677 1209 767 1270 Hune
805 1229 861 1270 nos
895 1211 962 1271 Deo
1009 1210 1199 1288 exhibemus,

279 1289 405 1369 quando
428 1294 569 1371 petimus.
612 1292 701 1353 Hune
723 1295 839 1373 optime
863 1295 1026 1370 sentimus,
1049 1292 1102 1354 sed
1118 1294 1200 1356 Deus

277 1374 364 1434 illum
387 1376 486 1436 intimi
509 1375 610 1436 oordis
631 1369 756 1436 fundum
786 1375 945 1454 desiderii,
975 1376 1058 1455 quod
1085 1383 1133 1436 est
1152 1397 1199 1438 su-

277 1475 335 1536 pro
357 1476 482 1518 omnem
504 1459 736 1539 cogitationem,
758 1460 899 1520 exaudit:
923 1459 1004 1538 quod
1027 1478 1094 1518 eum
1116 1459 1199 1537 saoit,

278 1541 385 1606 omnia
405 1541 570 1602 admiratur
591 1543 749 1621 accepisse
779 1562 830 1620 se,
864 1561 942 1621 quae
973 1561 1035 1602 non
1066 1541 1199 1602 audebat

277 1630 401 1702 petere,
432 1631 463 1685 et
496 1626 541 1685 sio
568 1644 672 1686 verum
702 1631 767 1686 est:
801 1627 904 1686 anima
933 1624 1015 1704 quod
1037 1625 1114 1704 petit
1134 1643 1198 1684 non

277 1706 365 1785 petit,
387 1715 420 1768 et
440 1707 524 1785 quod
544 1727 607 1767 noo
629 1709 708 1788 petit
728 1709 789 1768 hoo
802 1710 888 1788 petit,
913 1710 984 1787 quia
1000 1709 1098 1768 nescit
1115 1708 1197 1786 quod

276 1790 370 1868 petit,
392 1791 471 1850 siout
492 1799 524 1853 ut
545 1790 737 1852 aithristns
759 1799 790 1852 et
809 1793 969 1871 apostolus
990 1791 1117 1852 Paulus:
1147 1789 1198 1850 sie

275 1873 357 1933 sieut
378 1880 502 1952 oportet
523 1892 612 1935 orare
632 1875 795 1935 nescimus.
845 1873 897 1936 Sio
924 1873 1038 1934 Sancta
1065 1874 1197 1951 nonies,

275 1962 309 2014 ut
327 1957 373 2016 ait
394 1957 430 2018 B.
452 1957 655 2036 Augustinus,
683 1957 830 2018 exaudita
862 1964 909 2016 est
937 1957 1104 2018 seeundum
1134 1976 1195 2018 oar·

273 2036 378 2100 dinem
401 2039 544 2100 desiderii
567 2041 623 2100 sui.
666 2039 848 2120 Exemplum
871 2036 1038 2118 Zeohaeus,
1070 2041 1121 2118 qui
1142 2059 1196 2120 po-

274 2123 332 2182 tuit
367 2121 474 2183 videre
504 2122 659 2184 Christum
702 2132 734 2184 et
764 2142 827 2184 non
865 2125 954 2202 petiit
985 2125 1015 2184 in
1050 2121 1195 2184 domurn:

273 2212 306 2265 ut
324 2205 388 2266 hoe
408 2207 542 2266 mammo
565 2209 692 2286 petitur,
722 2207 793 2287 quia
814 2212 908 2285 patet,
931 2207 957 2266 si
979 2207 1045 2285 quis
1067 2207 1195 2266 iuterro-

273 2294 387 2368 gusset,
410 2309 450 2348 an
471 2289 565 2350 vellet
576 2289 732 2350 Christum
752 2291 784 2349 in
806 2291 946 2350 domum:
970 2289 1191 2368 respondisset,

272 2372 406 2433 utinam!
441 2371 482 2441 Et
507 2392 577 2432 eum
598 2374 668 2450 alii,
690 2375 741 2453 qui
764 2376 934 2452 petierunt,
970 2392 1034 2433 uon
1056 2374 1117 2435 sint
1139 2392 1190 2433 ex-

272 2454 386 2534 auditi,
427 2457 498 2535 quia
530 2456 673 2518 desiderii
702 2456 796 2517 oardo
820 2476 881 2517 non
903 2456 1011 2535 petivit
1032 2455 1194 2535 Christum,

222 2577 230 2593 „
272 2539 328 2599 sed
352 2558 387 2600 se
413 2541 525 2620 ipsum.

357 2622 500 2687 Coroll.
541 2622 640 2683 Nemo
659 2629 835 2703 praesumet
857 2640 891 2682 se
912 2628 1018 2701 petere
1035 2620 1085 2681 vel
1106 2640 1194 2681 orare

272 2713 371 2785 reete,
402 2706 457 2767 sed
484 2714 588 2786 roget,
622 2713 654 2765 ut
681 2706 830 2767 doceatur
853 2724 871 2765 a
892 2705 960 2765 Deo
983 2722 1070 2767 orare
1093 2710 1125 2764 et
1145 2723 1195 2784 pe-

273 2796 348 2851 tere.
384 2790 467 2851 Hine
487 2788 610 2869 superbi
631 2790 663 2849 in
686 2791 747 2849 suis
771 2787 962 2849 orationibus
984 2806 1108 2850 omnem
1130 2786 1195 2847 dili·

271 2872 409 2953 gentiam
431 2873 542 2934 iecisse
563 2878 716 2952 putantes,
747 2872 847 2931 securi
875 2879 979 2949 erunt,
1003 2890 1065 2933 uon
1089 2870 1194 2931 adver·

272 2963 393 3035 tentes,
428 2974 491 3016 nou
512 2944 679 3035 timentes,
713 2975 753 3016 ne
785 2955 865 3015 forte
895 2955 976 3015 malo
1005 2953 1194 3015 fundo-ora-

272 3039 381 3099 verint.

355 3121 584 3183 Conclusio.
627 3122 717 3181 Patet
739 3140 780 3181 ex
801 3122 982 3202 evangelio,
1010 3118 1094 3199 quod
1115 3118 1195 3181 adeo

270 3205 355 3266 Deus
378 3206 480 3267 solum
499 3206 624 3285 inquirit
643 3204 776 3265 hominis
797 3205 945 3267 interiora
966 3209 998 3265 et
1019 3221 1083 3282 eor,
1104 3210 1146 3281 ut,
1169 3204 1194 3262 si
1298 3234 1309 3259 .

271 3290 340 3367 quis
362 3290 468 3349 omnia
488 3288 595 3348 feeerit
621 3295 674 3347 aut
700 3286 837 3366 dederit,
871 3292 993 3368 praeter
1019 3305 1089 3363 eor,
1117 3286 1193 3347 nihil

270 3372 387 3433 feeerit,
430 3371 482 3432 sie
514 3371 604 3432 Prov.
627 3374 663 3435 4:
696 3370 814 3431 Praebe
845 3368 889 3431 fili
918 3390 972 3431 eor
998 3377 1081 3429 tuum
1110 3368 1193 3447 mihi,

269 3474 335 3516 non
357 3474 492 3533 manum,
513 3474 577 3516 non
606 3452 740 3531 denique
761 3472 890 3533 eorpus,
924 3453 979 3515 sed
1013 3471 1083 3530 oor,
1120 3450 1192 3509 mibi

270 3557 332 3599 non
355 3538 422 3599 ubi.
466 3536 526 3599 sie.
549 3536 627 3599 Gen.
653 3537 683 3599 4.
713 3538 850 3617 respexit
872 3537 1020 3597 Dominus
1051 3533 1089 3595 ad
1111 3532 1191 3593 Abel

271 3621 363 3682 etad
384 3640 514 3681 munero
543 3622 625 3699 eius,
656 3619 697 3680 ed
720 3620 796 3681 Cain
825 3627 928 3681 autem
954 3616 1045 3678 etad
1067 3634 1194 3680 munera

269 3706 336 3765 eius
358 3723 424 3765 non
444 3705 589 3784 respexit,
618 3703 701 3783 quod
723 3703 883 3783 apostolus
906 3701 977 3761 Ebr.
999 3698 1050 3760 XI.
1075 3700 1119 3760 sie
1141 3718 1192 3759 ex·

271 3788 373 3866 ponit:
398 3788 479 3848 Fide
501 3786 581 3847 Abel
613 3787 776 3866 plurimam
808 3784 939 3845 hostiam
969 3781 1079 3843 obtulit
1099 3800 1191 3859 quam

271 3870 357 3931 Cain.
391 3872 474 3936 Eoos
495 3869 571 3931 fides
595 3870 756 3949 distinguit
776 3870 854 3929 inter
877 3866 955 3927 Abel
979 3872 1010 3925 et
1031 3863 1117 3924 Cain.
1153 3862 1193 3925 ut

271 3960 386 4032 quanta
407 3956 454 4015 vis
477 3954 517 4013 sit
537 3954 640 4034 posita
667 3954 698 4012 in
727 3953 786 4012 hoo
807 3970 856 4029 re,
887 3966 927 4011 ex
953 3948 1106 4009 contraris
1133 3946 1191 4007 dis-

914 4048 979 4113 12*
