3075 4750
348 486 413 558 262
639 528 647 537 ,
739 486 877 541 Praefatio

351 656 567 739 apostolorum
589 654 808 732 coelorumque
830 653 974 733 clavigeri
994 652 1033 715 ds
1043 650 1129 713 Urbe
1139 650 1279 711 Nunnius

353 747 385 802 et
406 739 642 802 Commissarius
671 757 691 797 a
717 737 915 797 sanctissimo
934 738 965 797 in
988 736 1110 797 Christo
1133 735 1226 795 Patre
1248 740 1281 795 et

351 824 487 885 Domino
515 827 638 899 nostro,
659 819 700 882 D.
729 818 834 880 Leone
855 819 940 898 Papa
962 819 1008 897 X,
1030 817 1207 898 specialiter
1228 816 1279 877 de·

353 913 491 987 putatus,
512 902 605 981 prout
625 903 657 961 in
677 901 773 962 literis
795 901 931 963 eiusdem
956 902 1140 962 sanctissimi
1152 900 1280 965 Domini

352 988 451 1048 nostri
474 986 577 1065 Papae
597 984 654 1046 sub
675 984 802 1063 plumbo
831 984 921 1045 editis
950 984 1071 1063 plenius
1094 984 1280 1061 continetur,

353 1069 468 1132 dilecto
490 1067 580 1128 nobis
603 1068 634 1126 in
658 1066 780 1127 Christo
803 1066 948 1127 Andreae
970 1064 1216 1145 Hummelshayn
1234 1084 1280 1126 sa-

353 1152 448 1211 lutern
470 1152 501 1210 in
522 1150 658 1209 Domino
681 1149 909 1229 sempiternam„

317 1226 327 1241 ’
434 1232 592 1311 Exigente
612 1232 684 1310 piae
706 1231 882 1293 devotionis
894 1230 1015 1310 affectu,
1028 1250 1119 1311 quem
1131 1249 1191 1291 nos
1208 1250 1281 1311 erga

352 1316 450 1375 Deum
486 1320 518 1374 et
544 1313 657 1373 dictam
678 1313 837 1375 basilicam
869 1321 900 1374 te
928 1314 1281 1393 haberecognovimus,
1379 1376 1380 1389 ,

354 1416 393 1467 eo
418 1396 500 1477 quod
522 1416 579 1477 pro
602 1398 838 1457 continuatione
860 1404 920 1457 tam
943 1399 1084 1457 immensi
1108 1398 1214 1475 operis
1243 1416 1282 1459 ex
1379 1400 1380 1475 j

355 1479 544 1561 pinguedine
564 1480 700 1539 caritatis
721 1480 809 1539 iuxta
827 1480 1031 1559 apostolicum
1051 1479 1205 1539 indultum
1220 1499 1281 1539 ma·

354 1583 410 1623 nus
432 1563 597 1643 porrexisti
621 1562 800 1632 adiutrices:
824 1562 895 1623 ideo
919 1565 1082 1623 autoritate
1106 1562 1283 1641 apostolica

356 1646 446 1706 nobis
469 1644 580 1704 tradita
602 1642 677 1727 te*)
711 1644 909 1704 concedimus
939 1645 1116 1705 facultatem
1145 1644 1282 1725 eligendi

354 1728 500 1789 idoneum
533 1726 721 1804 secularem,
743 1727 794 1787 vel
821 1728 964 1805 cuiusvis,
988 1730 1079 1788 etiam
1103 1728 1282 1788 mendican-

354 1813 429 1871 tium
452 1809 568 1869 ordinis
582 1809 755 1892 regularem
772 1810 994 1889 confessorem,
1018 1812 1069 1890 qui
1082 1811 1284 1871 consessione
1379 1872 1380 1883 ,

355 1901 408 1953 tus
423 1890 594 1971 diligenter
614 1891 720 1952 audita
741 1911 797 1970 pro
821 1894 993 1953 commissis
1015 1913 1071 1973 per
1093 1900 1124 1953 tc
1147 1894 1283 1953 excessi·
1379 1904 1380 1957 l

354 1974 423 2051 bus,
446 1972 631 2051 criminibus,
653 1972 774 2035 delictis
796 1982 888 2053 atque
910 1978 1045 2054 peccatis
1060 1982 1283 2055 quantumcuu-

357 2075 417 2137 que
439 2056 583 2136 gravibus
605 2064 636 2116 et
659 2056 853 2135 enormibus,
882 2059 973 2120 etiam
997 2058 1062 2122 sadi
1085 2060 1284 2137 apostolicae
1379 2114 1380 2139 ,

357 2139 538 2216 reservatis,
561 2140 681 2199 etiamsi
704 2140 777 2202 talia
800 2139 916 2217 forent,
939 2150 1074 2220 propter
1087 2161 1168 2221 quae
1191 2142 1283 2203 sedes
1379 2144 1380 2209 ξ

358 2223 428 2301 ipsa
448 2221 622 2302 apostolica
644 2230 727 2281 esset
741 2223 850 2283 merito
873 2224 1072 2300 consulenda,
1093 2244 1132 2285 ac
1144 2226 1283 2285 censuris
1379 2232 1380 2299 j

356 2303 584 2381 ecclesiasticis,
604 2306 696 2364 etiam
712 2304 751 2364 ab
769 2304 897 2365 homine
910 2306 950 2366 ad
961 2307 1090 2368 alicuius
1103 2309 1284 2369 instantiam

355 2387 1284 2467 latis,deconsensupartiumetiamrationeinterdictiincur·
1379 2385 1380 2460 i

355 2469 1283 2552 sisetquorumabsolutiodictaeSediessetreservata,prae
1379 2475 1380 2534 3

353 2558 492 2635 terquam
508 2552 743 2616 machinationis
755 2554 787 2612 in
808 2573 972 2632 personam
991 2558 1101 2616 summi
1114 2556 1283 2636 pontilicis,

355 2635 520 2694 occisionis
529 2635 745 2712 episcoporum
755 2636 1283 2718 stallorumsuperiorumpraelato·

354 2717 799 2793 rum,etinientionismannum
812 2718 1014 2782 violentarum
1028 2722 1058 2780 in
1071 2722 1142 2785 illos
1156 2729 1188 2782 et
1201 2722 1282 2784 alios

355 2799 522 2877 praelatos,
532 2798 755 2861 falsificationis
769 2799 919 2862 bullarum
927 2809 961 2868 ¹et
969 2803 1123 2864 literarum
1133 2805 1283 2884 apostoli-

358 2879 471 2955 carum,
480 2879 643 2953 delationis
657 2901 810 2944 armorum
826 2889 857 2942 et
868 2885 997 2944 aliorum
1006 2886 1230 2964 prohibitorum
1243 2887 1282 2948 ad

356 2970 460 3042 partes
468 2961 647 3042 infidelium,
659 2971 690 3024 et
704 2955 923 3026 sententiarum
938 2975 969 3027 et
982 2987 1179 3030 censurarum
1191 2989 1281 3030 occa-

354 3044 614 3106 sioncaluminum
626 3054 752 3108 sanctae
766 3049 871 3108 matris
880 3051 1041 3129 ecclesiae,
1049 3052 1133 3112 aede
1141 3053 1281 3132 partibus
1293 3081 1300 3096 =

359 3125 527 3186 infidelium
550 3128 589 3188 ad
611 3127 729 3203 fideles,
754 3137 862 3190 contra
877 3133 1116 3211 prohibitionem
1133 3135 1282 3214 apostoli-

356 3227 438 3287 cam,
469 3210 659 3287 delatorum,
694 3214 883 3273 incursorum
906 3215 1002 3275 semel
1022 3217 1054 3276 in
1076 3218 1154 3294 vita,
1190 3219 1280 3278 etin
1379 3209 1380 3226 ¹

357 3310 420 3352 non
442 3294 605 3352 reservatis
626 3293 748 3357 casibus
769 3297 872 3373 toties,
896 3299 1016 3375 quoties
1037 3299 1069 3358 id
1090 3301 1227 3379 petieris,
1250 3308 1283 3361 et

355 3374 387 3432 in
415 3375 523 3435 mortis
553 3376 681 3436 articulo
709 3377 878 3456 plenariam
913 3382 1047 3442 omnium
1079 3389 1279 3462 peccatorum

357 3464 478 3516 tuorum
500 3457 721 3538 indulgentiam
746 3467 778 3519 et
798 3463 1011 3524 remissionem
1031 3466 1220 3545 impendere,
1244 3487 1282 3527 ac

355 3541 577 3625 poenitentiam
601 3541 765 3602 salutarem
787 3535 962 3625 iniungere,
992 3565 1050 3607 nec
1077 3567 1139 3611 non
1169 3551 1280 3610 cucha-

410 3756 438 3811 ἰ
460 3756 500 3805 lta
524 3761 621 3806 contra
640 3753 777 3822 Syntaxiu
802 3757 886 3810 habet
911 3759 991 3814 litera
1016 3762 1193 3829 diplomatis,
1226 3766 1280 3831 eui,

354 3832 445 3876 cetera
458 3828 553 3880 omnia
569 3828 859 3894 irnpressos'l'ezelius
879 3844 979 3884 nomen
1000 3836 1123 3902 petitoris
1134 3834 1280 3904 indulgen-

355 3897 472 3957 tiarum,
492 3904 520 3949 et
545 3900 711 3964 pronomina
730 3899 938 3971 applicationis,
969 3910 1094 3972 tuorum,
1122 3907 1186 3973 tibi,
1214 3911 1279 3971 tuis,

355 3982 439 4021 manu
458 3983 510 4020 sua
527 3970 677 4036 inscripsit.
