3075 4750
223 543 226 546 Ι
336 471 400 542 288
627 469 970 546 cupientissimam

339 644 431 722 stris,
448 643 498 722 qui
521 662 576 723 per
595 641 701 704 literas
722 644 881 705 veniarum
902 661 1028 706 securos
1050 641 1267 705 seseoredunt

337 726 376 788 de
398 746 454 786 sua
476 724 584 788 salute.

420 811 477 884 33)
502 807 639 870 Caveudi
661 816 733 870 sunt
754 810 855 888 nimis,
877 781 930 889 qui
952 808 1264 870 dicuntveniasillas

336 912 397 974 pap
377 912 437 972 pae
459 891 574 953 donum
597 911 666 952 esse
688 891 764 953 illud
784 891 843 954 Dei
863 891 1105 972 inaestimabile,
1129 911 1192 972 quo
1213 911 1264 952 ιε-

338 974 483 1037 conciliat
471 981 520 1034 tur
539 974 634 1036 homo
656 973 734 1036 Dec.

386 1059 477 1134 ’34)
504 1056 629 1118 Gratiae
661 1058 744 1118 enim
765 1057 837 1119 illae
858 1059 994 1120 veniales
1022 1063 1141 1118 tantum
1162 1058 1263 1137 respi-

337 1141 421 1202 ciunt
441 1158 560 1222 poenas
583 1139 802 1206 satisfactionis
824 1141 1056 1202 sacramentalis
1077 1141 1117 1203 ab
1131 1140 1262 1202 homine

337 1225 528 1284 constitutas.

420 1308 478 1382 35)
502 1305 571 1368 Non
583 1303 749 1368 christiana
758 1305 949 1387 praedicant,
972 1307 1024 1386 qui
1037 1305 1160 1387 docent,
1174 1305 1262 1385 quod

336 1387 537 1470 redempturis
559 1389 676 1449 animas
698 1388 748 1450 vel
769 1389 1009 1451 confessionalis
1021 1408 1085 1465 non
1098 1391 1138 1450 sit
1154 1407 1263 1450 neces·

341 1473 421 1534 sa1ia
444 1473 617 1533 contritio„
858 1485 861 1496 ’
1069 1501 1073 1507 »

420 1557 478 1631 36)
504 1554 638 1630 Quilibet
661 1552 850 1616 Christianus
884 1574 958 1616 vere
979 1553 1180 1635 compunctus
1203 1553 1262 1614 ba·

337 1637 390 1700 bet
410 1639 622 1700 remissionem
644 1637 814 1719 plenariam
837 1658 857 1698 a
877 1657 980 1719 poena
993 1644 1024 1698 et
1042 1636 1141 1718 calpa,
1165 1638 1262 1698 etiam

338 1723 405 1781 sine
427 1720 523 1781 literis
546 1721 702 1780 veniarum
723 1719 781 1781 sibi
802 1719 947 1785 debitum.

421 1806 478 1880 37)
504 1801 640 1878 Quilibet
660 1822 750 1864 verus
774 1801 973 1884 Christianus,
995 1804 1061 1866 sive
1081 1803 1170 1862 vivus
1193 1803 1262 1862 sive

337 1891 491 1964 mortuus,
523 1885 617 1946 habet
648 1887 915 1966 participationem
942 1888 1078 1948 omnium
1107 1884 1262 1947 bonorum

338 1968 449 2030 Christi
479 1973 510 2029 et
536 1967 704 2047 ecclesiae,
736 1969 828 2030 etiam
855 1971 922 2030 sino
943 1969 1038 2030 literis
1060 1970 1219 2030 veniarum
1242 1987 1263 2028 a

338 2051 405 2114 Deo
428 2051 486 2111 sibi
511 2050 625 2112 datam.

421 2135 478 2208 38)
503 2133 655 2196 Remissio
678 2140 781 2195 tamen
804 2141 836 2195 et
848 2135 1043 2215 participatio
1057 2152 1159 2216 papae
1170 2133 1260 2194 nullo

340 2215 434 2277 modo
458 2222 505 2277 est
526 2215 753 2278 contemnenda
759 2218 876 2297 ,quia,
899 2223 932 2278 ιιι
955 2215 1028 2297 dixi,
1051 2222 1100 2278 est
1120 2215 1260 2278 declara·

339 2302 383 2362 tio
405 2300 595 2362 remissionis
617 2299 749 2362 divinae.

424 2385 482 2461 39)
505 2382 796 2445 Difficillimumt
747 2389 796 2445 est
817 2384 910 2445 etiam
932 2382 1157 2458 doctissimis¹)
1172 2383 1262 2445 theo·

341 2467 439 2548 logis,
471 2466 561 2527 simul
582 2466 733 2527 extollere
754 2468 911 2528 veniarum
933 2466 1107 2548 largitatem
1134 2472 1166 2527 et
1187 2485 1262 2527 con·

340 2551 472 2611 tritionis
493 2550 653 2610 veritatem
675 2568 781 2611 coram
797 2550 925 2630 populo.

421 2634 480 2710 40)
504 2631 704 2694 Contritionis
727 2634 841 2693 veritas
857 2651 977 2715 poenas
990 2633 1111 2711 quaerit
1122 2637 1154 2692 et
1164 2639 1261 2711 amat,

339 2716 497 2776 veniarum
519 2721 621 2775 autem
643 2708 769 2796 largitus
782 2714 912 2795 relaxat,
936 2721 968 2777 et
979 2714 1084 2777 odisse
1095 2715 1178 2795 iacrt
1200 2714 1261 2775 sal-

269 2805 273 2812 '
339 2804 400 2861 tem
424 2798 599 2859 occasione.

420 2883 478 2957 41)
504 2880 601 2943 Caute
630 2887 700 2942 sunt
726 2882 838 2943 veniae
864 2880 1057 2962 apostolicae
1078 2879 1260 2961 praedican-

339 2963 413 3043 dae,
439 2982 479 3024 ne
500 2964 635 3045 populus
657 2963 734 3025 false
755 2963 926 3061 intelligat,
955 2983 1009 3025 aas
1028 2964 1177 3061 praeferri
1209 2983 1260 3025 oe·

338 3010 413 3109 teris²
434 3047 525 3110 bonis
547 3046 692 3128 operibus
714 3048 860 3107 caritatis.

421 3131 479 3205 42)
506 3128 647 3191 Ducendi
668 3130 925 3207 suntChristiani,
947 3126 1030 3207 quod
1051 3148 1153 3210 papae
1168 3149 1258 3191 mens

338 3232 402 3274 non
424 3219 480 3291 est,
502 3212 745 3293 redemptionem
767 3214 925 3274 veniarum
947 3210 1011 3272 ulla
1023 3221 1165 3293 exparte
1177 3232 1261 3274 com

337 3294 507 3379 parandam
530 3312 599 3356 esse
623 3296 767 3375 operibus
791 3292 1029 3358 misericordiae.

420 3381 479 3455 43)
502 3377 646 3453 Ducendi
675 3385 745 3440 sunt
766 3377 947 3457 Christiani,
976 3377 1059 3457 qnod
1087 3377 1165 3471 daus
1187 3398 1260 3460 peu-

337 3465 404 3545 peri
424 3468 478 3523 aut
499 3468 640 3525 mutuans
664 3453 767 3543 egenti
789 3462 899 3523 melius
920 3461 1011 3541 facit,
1047 3459 1139 3541 quain
1160 3463 1188 3522 si
1209 3483 1261 3523 ve·

337 3548 404 3608 nias
426 3546 599 3606 redimeret.

419 3630 479 3706 44)
497 3626 583 3702 Quia
612 3646 667 3710 per
693 3646 771 3707 opus
799 3630 935 3690 caritatis
961 3629 1073 3688 crescit
1094 3629 1208 3691 caritas
1230 3634 1261 3689 et

337 3710 372 3773 iit
392 3712 486 3772 homo
509 3711 628 3790 melior,
651 3709 705 3771 sed
727 3713 912 3792 pervenias
934 3710 1182 3787 nonfitmelror
1205 3710 1260 3772 sed

337 3792 551 3857 tantummodo
574 3813 593 3854 a
614 3812 717 3874 poena
738 3794 874 3858 liberior

394 3975 424 4043 ι)
446 3973 527 4043 Apud
546 3992 571 4028 v.
591 3974 618 4028 d.
630 3946 729 4028 Hardt:
748 3976 924 4031 acutissimis.
1024 3992 1027 3996 ’
