3075 4750
593 503 696 558 Contra
712 502 792 558 0bsl.
810 502 893 556 Eccii.
918 518 925 532 s
1142 498 1203 565 411

288 674 440 738 adversus
460 692 546 736 meas
568 670 793 754 disputationes
816 672 1014 751 labrefactos,
1038 673 1134 733 visum
1159 676 1207 733 est

288 759 466 840 singulatim
494 776 687 839 percurrere,
722 764 754 819 et
774 757 852 818 meis
879 755 1136 837 disputationibus
1156 755 1208 816 vel

287 841 527 905 obscuriuoculis
550 841 716 903 asteriscos
744 839 874 919 addere,
908 839 1017 920 quibus
1038 845 1103 901 turn
1125 838 1207 900 clare

285 925 470 1005 lucentibus,
491 927 572 986 tusi
598 924 686 985 voles
699 942 769 984 eum
788 924 968 1005 participem
981 924 1093 1002 lacere,
1115 924 1207 983 etism

283 1010 354 1089 ipse
376 1008 468 1070 facila
487 1008 655 1088 intelliget,
694 1025 785 1086 quarn
799 1008 1003 1067 temerarium
1026 1008 1073 1085 sit,
1095 1006 1207 1085 alienu,

287 1094 468 1172 praesertim
489 1110 553 1155 non
574 1089 750 1168 intellecta,
773 1090 935 1169 damnare,
963 1097 1026 1151 tum
1049 1091 1143 1171 longe
1163 1090 1207 1149 in-

286 1174 520 1237 sidiosissimum
541 1175 829 1254 iniquissimumqua
847 1173 919 1234 felle
931 1180 1018 1234 tanto
1040 1174 1207 1234 amaricare

285 1258 377 1319 amiel
399 1278 462 1320 non
483 1258 667 1338 praemoniti
689 1258 856 1336 omniaque
868 1257 997 1319 meliora
1009 1274 1207 1337 praesuman-

276 1343 325 1401 'tis
348 1341 387 1402 de
407 1342 508 1403 amico
530 1342 661 1421 placita,
692 1342 756 1401 imo
780 1341 928 1419 quaesita.
974 1339 1034 1401 Sed
1067 1360 1141 1400 vera
1161 1346 1209 1401 ast

284 1425 450 1505 scriptura:
489 1424 596 1486 Omnis
618 1425 713 1486 hoino
734 1423 878 1484 mendax.
922 1423 1071 1485 Homines
1094 1443 1208 1503 sumus,

286 1507 429 1569 homines
450 1526 620 1569 manemus.
662 1507 745 1567 Dicit
764 1508 884 1587 itaque:

675 1589 799 1652 idacius.

365 1672 447 1735 Nolo
484 1674 603 1734 minuta
631 1674 794 1753 prosequi,
837 1678 889 1733 aut
917 1692 955 1733 ea
987 1690 1065 1752 quae
1088 1671 1206 1731 schola-

283 1757 361 1817 stice
385 1758 555 1838 oppugnari
583 1763 730 1836 possunt,
760 1758 792 1817 in
815 1757 970 1837 praesenti
993 1755 1209 1835 disputationis

281 1842 411 1901 materia
433 1840 473 1901 de
492 1839 699 1920 indulgentiis,
721 1841 868 1919 qnoniam
891 1840 936 1899 sic
948 1840 1077 1919 primam
1091 1856 1207 1920 oppug-

281 1942 388 1984 narem
411 1923 653 1985 conclusionem.

664 2004 821 2066 lutherus.

364 2086 406 2149 Ut
430 2108 583 2170 generoso
609 2093 689 2165 (non
719 2087 801 2149 enim
823 2088 923 2149 dicam
957 2087 1106 2169 superbo)
1142 2106 1207 2147 rem

280 2172 460 2253 aggreditur
477 2174 651 2253 prooemio,
674 2173 732 2231 nisi
755 2170 838 2253 quod
861 2171 1004 2232 modeste
1028 2190 1208 2251 oppugnare

279 2256 399 2335 potius,
425 2273 517 2334 qnam
538 2274 717 2335 expugnare
743 2254 838 2333 dixit,
873 2254 991 2315 scilicet
1019 2255 1136 2313 minuta
1177 2260 1208 2314 et

281 2339 483 2416 scholastica,
519 2358 590 2400 nam
613 2340 732 2400 maiora
750 2339 888 2400 fortassis
912 2336 1108 2419 expugnabit.
1131 2334 1207 2412 Quis

280 2441 345 2483 non
366 2423 475 2484 timeat
498 2443 518 2483 a
546 2424 663 2503 crepitu
689 2423 776 2483 istius
798 2421 934 2482 buccae?
975 2421 1044 2501 ligo
1065 2438 1139 2481 vero
1161 2439 1207 2480 re·

281 2504 426 2566 cordatus
459 2506 540 2566 illius
568 2506 742 2566 Horatiani:
787 2504 867 2580 Quid
893 2505 971 2564 ieret
1001 2503 1053 2564 hic
1080 2503 1206 2584 dignum

280 2594 368 2649 tanto
394 2590 566 2668 promissor
592 2589 697 2650 biatu?
741 2589 801 2648 Vix
824 2588 918 2648 risum
941 2588 1034 2665 tenui,
1056 2605 1118 2647 non
1142 2585 1208 2647 vult

279 2671 466 2732 scholastice
490 2671 647 2752 disputare
669 2679 701 2732 et
722 2685 870 2752 pugnare,
893 2689 931 2731 ex
946 2689 1006 2749 quo
1022 2669 1118 2730 verbo
1133 2671 1207 2730 satis

274 2755 435 2835 intelligo,
456 2755 585 2815 &dnm
606 2761 744 2816 nostrum
768 2756 845 2816 istos
868 2753 1023 2815 obeliscos
1044 2754 1076 2813 in
1099 2751 1205 2814 diebus

283 2837 1206 2918 (quosvocantliiarnisprivii,larvaindutusingenium,con·

280 2919 382 2999 flasse,
396 2940 468 2981 nam
482 2940 538 3001 per
550 2928 648 2984 totum
667 2921 744 2981 illud
757 2921 962 2983 obeliscorum
977 2920 1072 2980 chaos
1083 2921 1111 2995 Ι)
1131 2919 1206 2980 nihil

281 3003 980 3083 sacrarumliterarum,nihilecclesiasticorum
990 3001 1207 3082 Petrum,nihil

280 3105 444 3165 canonum,
467 3087 522 3148 sed
535 3090 639 3149 omnia
661 3087 943 3166 scholasticissima,
965 3087 1204 3166 opiniosissimc,

279 3189 426 3251 maraque
439 3173 559 3232 somnia
572 3172 822 3250 comminiscitur,
833 3177 864 3231 et
871 3189 995 3251 prorsus
1002 3189 1040 3230 ea
1050 3171 1128 3251 ipsa,
1136 3187 1207 3230 con·

280 3260 328 3314 trs
344 3271 496 3334 qnaeogo
515 3254 649 3335 disputo,
671 3255 714 3314 ita
729 3260 764 3314 ut
777 3255 803 3315 si
821 3253 933 3314 vellem
956 3261 987 3314 et
1008 3271 1068 3334 ego
1088 3254 1206 3332 peripa

280 3337 410 3411 taticari,
432 3355 495 3398 uno
516 3337 591 3398 llatd
612 3338 671 3401 bos
693 3356 801 3400 omnes
824 3339 890 3417 cius
911 3352 1031 3417 pappos
1052 3334 1207 3415 disperge·
1244 3373 1254 3402 .

278 3437 355 3498 reru,
377 3419 572 3500 diceremque
591 3419 668 3480 illud
691 3422 828 3502 magistri
850 3422 896 3481 sui
919 3420 1093 3480 decretum:
1128 3417 1206 3486 Pati,

279 3701 345 3756 edit.
366 3701 503 3756 lenensis:
523 3701 583 3760 Hos
596 3705 707 3774 scripsit
717 3703 852 3758 Lutherns
863 3708 927 3756 ants
936 3701 1131 3756 Resolutiones
1146 3715 1206 3752 sua·

278 3791 340 3827 rum
356 3773 578 3842 Propositionum
597 3775 631 3829 de
643 3779 742 3830 virtute
757 3775 1000 3844 indulgentiarum,
1015 3778 1112 3824 contra
1134 3773 1206 3824 dccii

278 3842 1205 3915 obeliscos,stipseintrs(0b.llsnbfin.)testatur‚ubiinquit:Quid

278 3925 373 3971 antem
392 3917 426 3970 de
443 3919 496 3970 hac
505 3935 535 3971 ra
551 3922 668 3974 sentiam
679 3920 708 3972 in
717 3920 929 3988 probationibus
940 3921 1009 3970 meis
1020 3916 1176 3970 declarabo.

334 3988 365 4058 i)
386 3989 418 4042 In
437 3995 465 4044 et
480 3989 549 4047 dan:
571 3991 666 4046 culros.
