3075 4750
329 475 394 548 140
652 483 802 538 Santones
820 482 931 538 lutheri

328 650 487 730 sipientis,
516 657 633 712 tontum
661 650 701 712 sd
733 671 845 731 onere,
877 671 940 714 non
967 647 1071 714 sutem
1094 651 1133 712 ed
1156 665 1256 734 rsgna‘

329 733 561 877 nptsstiqlioquin
583 742 616 795 ει
636 736 710 796 iusti
728 741 801 812 sunt
821 736 973 818 iumento,
995 735 1049 798 sed
1072 735 1130 798 Dei
1153 742 1185 800 ει
1207 756 1253 800 εει

328 836 400 900 pren
447 861 454 881 .

607 1117 614 1125 ’
661 1092 689 1188 S
720 1118 742 1188 e
769 1120 797 1188 ι
824 1119 867 1188 ιι
896 1119 920 1187 o

493 1291 525 1350 in
547 1291 636 1352 Feric
657 1293 688 1355 S.
708 1293 846 1372 Martini,
867 1292 906 1354 A.
932 1295 1011 1358 ‘1516
1030 1294 1078 1372 *J.

410 1469 548 1531 Lucerna
569 1474 707 1552 corporis
730 1475 773 1534 tui
796 1473 904 1535 oculus
927 1481 995 1534 tuus
1018 1480 1080 1548 est,
1102 1473 1175 1534 Luc.
1202 1475 1251 1534 ll.

328 1549 519 1632 Quamquam
550 1555 628 1615 hsec
657 1557 851 1638 tropologice
882 1557 922 1617 dc
948 1556 1040 1640 oculp
1070 1555 1253 1616 intentionis

327 1636 547 1717 intelliguntur,
569 1646 671 1699 tumen
694 1639 734 1701 sd
755 1639 948 1719 propositum
968 1639 1060 1717 Festi,
1081 1640 1146 1700 imo
1165 1637 1252 1698 Chri-

326 1720 381 1797 sti,
414 1719 454 1780 de
484 1721 576 1781 oculo
609 1723 743 1803 regentis
779 1723 857 1784 ulios
893 1721 1085 1802 intelligitur.
1125 1719 1252 1800 Ubique

324 1802 406 1861 enim
439 1803 469 1861 in
502 1805 657 1883 scripturis
679 1824 736 1865 nos
758 1806 862 1885 potius
885 1824 998 1866 caecos
1027 1823 1097 1864 esse
1123 1810 1154 1864 et
1177 1823 1251 1864 esse

326 1883 439 1946 debere
473 1885 561 1961 dicit,
596 1893 627 1946 ct
658 1889 690 1946 in
719 1888 843 1950 oculum
865 1894 1004 1949 nostrum
1026 1906 1152 1966 prorsus
1176 1887 1252 1946 nihil

326 1966 498 2028 confidere:
532 1969 648 2031 idcirco
671 1971 779 2032 oculus
802 1979 849 2032 εει
870 1971 996 2032 alterius
1018 1971 1184 2050 magister,
1220 1976 1254 2029 ut

326 2050 396 2111 lob.
419 2050 533 2110 XXXI:
563 2053 619 2112 Fui
650 2073 705 2134 pes
739 2054 851 2116 claudo
881 2062 912 2114 et
939 2053 1045 2114 oculus
1077 2072 1190 2130 cneco,
1220 2059 1252 2112 ct

327 2133 491 2194 Dominus:
524 2136 550 2193 si
579 2137 686 2196 oculus
709 2145 781 2198 tuus
801 2137 989 2198 scandalizet
1011 2144 1061 2214 te,
1085 2155 1158 2196 eruc
1180 2155 1250 2194 eum

328 2224 360 2276 ct
380 2217 497 2295 proiice
519 2218 575 2280 ebs
597 2226 642 2297 te,
664 2228 695 2280 ει
714 2220 809 2280 Zsch.
831 2221 874 2280 ll:
897 2221 1047 2280 Dominus
1070 2225 1118 2280 cst
1141 2217 1250 2279 oculus

326 2298 459 2360 hominis
481 2307 513 2360 et
533 2304 671 2364 omnium
692 2303 822 2364 tribuum
845 2302 947 2364 lsrael.
993 2302 1068 2361 Vult
1089 2320 1162 2382 ergo
1188 2301 1249 2362 Do·

328 2384 427 2443 minus
450 2404 508 2444 nos
529 2386 707 2449 abstrahere
729 2408 748 2447 a
768 2387 861 2455 falsis¹
876 2384 1071 2464 doctoribus,
1093 2404 1133 2444 nc
1155 2385 1250 2444 simus

328 2466 435 2527 faciles
456 2467 690 2547 deceptionibus
713 2470 891 2548 credentes,
915 2490 955 2529 ne
977 2468 1049 2545 fiat,
1082 2475 1115 2527 ut
1136 2486 1249 2527 caecus

328 2568 454 2609 caecum
468 2551 569 2613 ducat.
599 2552 634 2613 lu
648 2572 709 2631 quo
726 2572 760 2613 se
778 2553 876 2634 ipsum
895 2550 1102 2629 commendat,
1125 2550 1249 2630 qusudc

328 2630 417 2709 dicit,
439 2652 589 2713 egenum
611 2635 664 2695 lux
685 2635 800 2712 mundi,
823 2655 882 2716 ego
906 2654 973 2695 sum
995 2634 1155 2695 homiuum
1177 2652 1248 2693 ocu-

327 2714 391 2790 lus,
415 2714 468 2774 lux
490 2736 578 2793 vem,
599 2736 679 2796 quse
701 2718 854 2778 illuminet
874 2737 998 2779 omnem
1019 2717 1177 2777 homiuem
1198 2736 1249 2777 ve-

327 2797 522 2859 nicntem'iu
555 2799 637 2859 hunc
670 2800 825 2861 mundum.
874 2799 949 2861 Ideo
978 2801 1037 2864 isto
1066 2799 1159 2860 oculo
1186 2818 1250 2859 non

327 2887 492 2958 praesente
514 2889 628 2943 certum
653 2891 723 2960 est,·
744 2884 827 2963 quod
850 2883 968 2956 lumen,
1000 2881 1083 2961 quod
1105 2883 1136 2942 in
1160 2882 1249 2943 nobis

327 2970 384 3039 est,
408 2963 654 3043 tenebraesunt,
677 2974 708 3026 et
722 2973 821 3027 totum
843 2986 955 3046 corpus
977 2965 1174 3027 tenebrosum
1193 2970 1250 3042 cst,

326 3044 436 3125 idest,
458 3053 555 3107 totum
576 3048 661 3127 quod
682 3069 798 3122 sumus,
819 3051 948 3129 agimus,
971 3050 1111 3125 vivimus,
1133 3053 1164 3108 ει
1186 3067 1249 3109 om-

327 3147 393 3205 ncs,
413 3130 463 3208 qui
480 3139 626 3210 reguntur
642 3132 696 3192 tati
712 3132 817 3212 ocu10,
836 3132 991 3193 tenebrosi
1008 3137 1088 3207 sunt,
1102 3131 1174 3192 licet
1192 3130 1258 3191 sibi.

326 3211 574 3274 illuminatissimi
613 3215 792 3295 videantur,
838 3214 1029 3275 confidentes
1066 3216 1098 3274 in
1134 3212 1249 3274 bonum

326 3313 413 3354 suem
435 3296 654 3376 intentionem,
676 3298 706 3358 id
729 3306 793 3377 cst,
814 3300 845 3359 in
868 3297 991 3359 oculum
1011 3298 1178 3379 proprium.

410 3377 612 3443 Corollarium
635 3382 779 3459 sequitur.
816 3380 930 3441 Oculus
954 3387 1060 3441 noster
1082 3385 1170 3441 extro
1190 3398 1248 3439 nos

249 3470 256 3475 '
326 3466 375 3521 est
395 3467 427 3521 ει
448 3481 510 3521 non
533 3464 564 3522 in
586 3462 676 3525 nobis
698 3463 906 3543 quaerendus,
929 3470 1084 3523 etlumen
1106 3464 1136 3523 in
1158 3461 1249 3522 nobis

327 3550 375 3603 εει
396 3545 477 3603 etin
499 3546 588 3606 nobis
610 3546 825 3608 inveniendus.
868 3545 959 3621 Quod
982 3546 1027 3606 sic
1052 3544 1249 3625 intelligitur:

326 3624 407 3704 quod
442 3627 550 3687 oculus
578 3637 684 3690 noster
717 3649 780 3690 nou
809 3635 857 3689 cst
885 3636 992 3692 nostru
1018 3648 1073 3701 seu
1095 3628 1178 3703 sola,
1216 3628 1248 3687 in

326 3726 388 3786 quo
408 3709 625 3772 confidendum
639 3712 688 3788 sit,
709 3732 768 3772 nec
786 3710 994 3792 cogitandum,
1017 3708 1175 3790 quomodo
1191 3728 1250 3771 nos

363 3912 394 3976 ⁸¹)
415 3914 465 3967 Hic
483 3930 575 3970 sermo
595 3918 719 3971 redditur
737 3936 755 3971 s
768 3914 924 3972 Loescherc
944 3918 964 3984 1,
984 3916 1037 3973 756
1052 3932 1103 3987 sq,
1123 3932 1248 3985 germen.

326 3997 343 4032 s
362 3984 487 4039 Wslehlo
505 3988 570 4052 llll,
591 3989 662 4045 2274
680 4006 741 4058 sqq.
