3075 4750
632 512 658 552 a
677 497 747 556 1515
764 497 861 552 habit.
1160 494 1202 561 87

274 663 553 726 vehementissima
585 668 693 748 pestis,
729 665 813 746 quod
847 665 948 736 nullus
979 666 1075 728 homo
1098 671 1203 748 potent

276 747 405 808 domare
426 747 581 829 linguam,
614 752 674 811 nisi
706 751 757 828 qui
780 757 848 810 oret
869 751 925 810 Dei
957 749 1143 827 bonitatem,
1173 756 1205 810 et

274 829 352 891 illud
375 830 537 915 obaervet,
559 836 660 913 omni,
684 853 744 912 qua
764 839 884 912 potest,
912 832 1061 894 violentia
1082 840 1114 892 et
1137 832 1203 894 dili·

275 915 392 994 gentia,
415 915 471 992 sic,
492 922 527 976 ut
539 917 583 976 ita
595 918 676 978 inter
691 917 833 977 homines
846 915 991 995 ambulet,
1005 917 1092 994 quasi
1111 916 1204 994 oculi,

275 992 366 1058 aures
389 1004 421 1058 et
441 1017 551 1059 sensus
580 1002 645 1061 ciue
676 1000 772 1060 clausi
802 1001 879 1076 sint,
913 1018 972 1059 nec
1004 998 1121 1078 aliquid
1152 997 1219 1060 fiat·

263 1085 440 1160 ‘peccatum
461 1088 515 1142 aut
534 1083 659 1162 malum,
682 1082 765 1162 quod
789 1101 823 1144 ae
844 1081 950 1144 videre
972 1089 1073 1162 putet,
1105 1082 1205 1164 solem

276 1164 502 1225 conscientiam
523 1172 595 1227 ante
618 1187 652 1228 se
672 1172 786 1226 statuat
808 1171 839 1225 et
860 1171 986 1244 caveat,
1016 1185 1055 1225 ne
1077 1167 1207 1244 incipiat

276 1246 336 1307 eibi
359 1245 456 1308 videri
478 1255 532 1308 aut
552 1267 711 1330 apparere,
733 1248 829 1309 ullum
852 1267 921 1309 esee
942 1255 1106 1328 peccatum
1119 1267 1204 1328 prae-

275 1336 417 1408 terquam
452 1349 551 1393 nuum.
603 1332 670 1392 Nini
697 1334 779 1392 enirn
809 1333 875 1410 quie
907 1351 941 1392 ee
973 1330 1012 1391 ad
1036 1339 1205 1392 extremum

276 1411 452 1493 reflexerit,
482 1415 536 1473 vix
560 1414 601 1474 ad
629 1415 762 1476 medium
792 1415 960 1494 perveniet.
1004 1413 1036 1474 Si
1059 1413 1202 1492 audierit,

275 1497 302 1556 ai
325 1494 451 1556 viderit:
493 1497 577 1558 Ecce
597 1498 649 1559 hic
669 1499 743 1558 fecit
763 1496 864 1575 istud„
878 1516 952 1558 mox
968 1496 1050 1556 dicat
1069 1497 1150 1576 apud
1170 1517 1204 1558 ee

274 1579 388 1658 ipsum,
410 1586 567 1641 avertens:
600 1581 667 1662 Ego
690 1583 750 1640 inm
772 1580 872 1641 habeo
890 1579 973 1640 aliud
985 1579 1100 1658 videre,
1113 1598 1205 1658 quam

274 1659 369 1736 istud,
395 1662 489 1722 etita
509 1665 596 1723 iuxta
616 1664 782 1742 Psalmum,
806 1669 1003 1724 eonvertatur
1024 1662 1063 1722 ad
1086 1681 1142 1724 cor
1163 1662 1201 1723 ab

275 1743 439 1823 omnibus,
473 1752 505 1805 et
531 1747 577 1806 nic
602 1747 729 1809 tandem
757 1747 900 1824 loquetur
921 1747 1071 1808 Dominus
1094 1765 1203 1826 pacem

275 1846 471 1906 supereum.
508 1829 632 1910 =Figura
659 1831 769 1890 horum
790 1830 846 1890 fuit
868 1829 948 1891 Joab
977 1830 1203 1909 praestantissi·
1291 1891 1295 1895 .

274 1930 345 1972 mus
361 1910 490 1972 militiae
512 1913 664 1992 princepe,
685 1921 717 1973 et
737 1913 790 1992 qui
811 1914 908 1974 multa
928 1912 1088 1992 praeclara
1108 1920 1140 1973 et
1160 1914 1204 1972 in·

274 1994 379 2074 signia
407 1994 538 2073 fecerat,
570 1995 705 2075 perdidit
732 2003 835 2056 tamen
865 1995 988 2056 laudem
1016 1996 1096 2055 inter
1125 1996 1203 2056 alios
1231 2025 1236 2038 =

273 2076 421 2137 laudatos
443 2077 555 2138 heroas
578 2081 607 2139 2.
628 2080 704 2159 Reg.
723 2079 788 2157 ult,
809 2080 855 2140 ita
876 2085 909 2140 ut
929 2080 1037 2140 mirum
1060 2080 1114 2156 sit,
1136 2078 1204 2138 aliis

275 2159 419 2220 omnibus
433 2163 591 2240 enarratis,
605 2162 688 2222 hunc
703 2163 815 2240 solum,
833 2164 885 2240 qui
906 2161 975 2242 plus
998 2163 1108 2222 ceteris
1131 2163 1204 2242 egit,

187 2305 194 2311 ,
273 2243 382 2304 taceri.
425 2243 486 2304 Sed
503 2245 692 2305 sicutDavid
717 2245 756 2305 de
778 2264 817 2306 eo
840 2245 926 2324 dixit,
945 2245 1068 2322 occidit,
1091 2244 1204 2306 occidit

273 2326 399 2389 occulte
434 2345 490 2407 per
509 2328 636 2389 insidiae
667 2334 697 2389 et
724 2328 847 2407 dolum,
882 2328 960 2389 duos
988 2327 1131 2390 meliores
1159 2346 1202 2389 se.

273 2411 329 2472 Sic
356 2409 513 2471 detractor
545 2432 667 2492 semper
706 2412 819 2473 occidit
847 2412 1023 2473 audientem
1053 2411 1201 2486 otidum,

274 2495 326 2554 cui
347 2492 490 2574 detrahit,
513 2496 655 2557 meliores
676 2515 720 2574 ee,
742 2496 815 2557 licet
837 2496 877 2555 sit
895 2497 976 2557 forte
998 2496 1028 2553 in
1052 2494 1120 2553 aliis
1141 2494 1199 2554 vir·

274 2576 391 2637 tutibus
405 2584 568 2656 praestans
586 2581 752 2659 operarius.
791 2578 875 2639 Talis
891 2586 939 2639 est
954 2578 1060 2658 lingua
1082 2576 1200 2637 detrec

274 2661 367 2738 toris,
396 2679 479 2738 quae
509 2669 591 2723 retro
624 2667 656 2722 et
684 2662 806 2723 occulte
835 2663 984 2722 exseritur
1006 2667 1037 2722 et
1058 2660 1202 2723 verberat

273 2744 449 2823 inopinate.

449 2994 760 3115 Fragmentum
802 2996 1029 3108 Sermonis,

530 3195 568 3254 in
588 3196 658 3257 Die
679 3196 768 3256 Divi
790 3196 950 3259 Martini

666 3360 815 3437 habiti.*)

360 3524 483 3603 tueleta
506 3525 547 3587 bie
568 3525 652 3588 utiba
672 3528 742 3602 [cicc
763 3526 832 3599 niu,
856 3530 901 3587 tei·
922 3528 991 3603 mut
1014 3528 1079 3587 eben
1101 3526 1222 3604 beraut,

275 3614 412 3687 [manens
443 3610 498 3686 tui
521 3626 548 3669 er
569 3608 638 3685 nictit
661 3609 729 3686 irre3
758 3613 829 3671 tenu
857 3610 897 3671 bie
920 3608 1028 3687 &didit
1061 3609 1121 3685 [tit
1155 3608 1201 3685 sid)

275 3694 353 3770 nott
376 3692 560 3770 uetuerunt
584 3692 674 3768 letter,
698 3695 762 3754 obet
786 3692 871 3755 temer
892 3694 952 3755 teitu
976 3692 1008 3767 fic
1023 3692 1089 3767 aad)
1105 3688 1201 3766 teinent

350 3862 381 3931 ⁸)
404 3862 502 3915 Sermo
521 3860 566 3912 hic
589 3864 620 3911 Α.
643 3863 710 3915 1515
730 3860 841 3914 habitus
860 3866 909 3913 eet.
945 3860 1140 3926 Fragmentum
1165 3874 1201 3911 ex

277 3933 351 3986 dicto
372 3934 476 3987 Codice
499 3932 646 3985 Loescheri
665 3934 780 4001 petitum
800 3934 904 4000 egregii
929 3932 1036 3997 saporis
1061 3932 1132 3982 sacri
1150 3936 1199 3983 eet.

277 4006 416 4059 Loeecher
434 4006 455 4057 1.
474 4020 502 4073 p.
521 4002 582 4059 269.
620 4004 716 4056 Walch
734 4004 794 4059 xli.
814 4020 841 4071 p.
859 4002 930 4057 2198
949 4016 990 4069 sq.
