3075 4750
432 451 437 460 ’
526 425 538 533 '.
586 493 613 532 a,
632 478 701 548 urs
718 477 817 539 loru.
1058 513 1065 519 -
1105 465 1168 556 131

244 649 304 708 iam
327 647 412 709 nudo
436 647 533 710 verbo
555 648 654 710 credit
674 651 741 715 sine
763 667 876 731 opere,
904 650 984 712 sicut
1010 648 1060 712 bio
1081 669 1168 730 regu-

243 730 308 809 lus,
342 737 509 810 postquam
544 731 661 793 audivit
690 733 749 796 sibi
771 734 878 814 negari
901 735 991 813 signa
1013 739 1044 793 et
1065 733 1168 812 prodi,

240 814 310 893 gia,
344 815 525 893 captivavit,
540 833 574 876 se
612 817 651 892 in}
679 815 813 878 verbum
829 816 939 878 Christi
973 821 1004 877 et
1024 814 1167 882 credidit.

166 905 170 911 ’
243 894 311 975 Hic,
333 896 384 956 bic
406 917 424 957 o
447 896 569 976 quantis
589 898 690 980 plagis
712 918 790 979 opus
809 906 865 977 est,
888 905 1053 978 antequam
1072 899 1166 960 homo

244 978 283 1040 ad
312 979 397 1043 hanc
425 979 529 1050 fidem,
549 984 725 1061 perveniat!
776 981 905 1056 Quoties
938 983 1054 1044 resistit
1087 982 1166 1062 Deo,

177 1081 181 1090 ¹
231 1063 369 1142 ,quoties
390 1065 468 1142 petit
487 1064 590 1144 signa!
633 1064 720 1128 Haec
740 1064 819 1126 fides
847 1084 911 1126 uon
939 1077 998 1144 'per
1030 1065 1167 1144 specula·

243 1147 362 1206 tionem
401 1147 579 1226 acquiritur·
601 1155 634 1208 et
670 1147 855 1224 intenditur,
896 1147 951 1208 sed
981 1167 1036 1228 per
1065 1149 1167 1209 vivam

242 1230 430 1308 practicam,
465 1229 599 1309 scilicet,
632 1232 704 1310 quia
725 1231 810 1292 Deus
831 1230 970 1310 plurimis
991 1229 1091 1292 modis
1112 1233 1166 1292 im-

242 1311 331 1391 pedit
359 1312 525 1387 consilium·
550 1310 684 1375 hominis
711 1321 742 1375 et
772 1314 886 1393 frangit
919 1316 1043 1376 sensum
1073 1313 1167 1394 iltius,
1284 1383 1291 1400 ,

242 1394 347 1456 donec
374 1395 520 1476 desperet
548 1396 589 1456 de
613 1415 648 1456 se
668 1402 701 1456 st
721 1414 778 1458 suo
811 1415 918 1474 seusu,
954 1396 1166 1475 experimento

242 1475 335 1538 discit
356 1497 392 1551 se
411 1497 476 1540 non
497 1497 592 1558 posse
613 1477 703 1558 dirigi
729 1499 749 1542 s
771 1480 894 1558 se-ipso
919 1486 950 1539 et
971 1480 1033 1555 iem
1055 1485 1167 1557 sponte

231 1561 347 1622 tradat
367 1562 422 1621 sui.
434 1560 582 1640 habenas,
602 1558 728 1641 paratus
750 1565 842 1623 etiam
868 1562 935 1624 solo
966 1560 1165 1640 verbotuo,

221 1646 315 1726 :quia
337 1643 455 1724 didicit,
477 1640 560 1724 qdod
585 1663 646 1706 uec
665 1645 728 1704 suis
751 1645 907 1724 operibus,
929 1663 988 1707 nec
1007 1645 1069 1706 suis
1093 1663 1165 1715 oon·
1238 1689 1247 1704 ,
1293 1704 1296 1711 ,

230 1727 319 1808 ‘siliis
341 1728 446 1806 potuit
465 1725 600 1808 efficere,
622 1746 702 1807 quac
724 1728 831 1788 voluit.
874 1727 959 1788 Sicut
987 1729 1018 1788 iu
1041 1727 1165 1791 Psalmo

242 1809 337 1882 dicit:
360 1809 487 1890 Sepiam
508 1811 590 1873 viam
607 1817 690 1871 tuam
705 1811 801 1891 spinis
818 1817 851 1871 et
871 1812 990 1890 sepiam
1012 1829 1080 1872 eam
1104 1829 1166 1872 ma·

174 1897 183 1918 ‘
225 1894 342 1971 ceria,
375 1900 410 1953 et
431 1892 529 1971 dicet,
560 1900 698 1955 revertar
725 1893 765 1956 ad
796 1895 876 1954 viam
900 1913 1000 1954 meam
1022 1894 1166 1973 priorem,

213 2039 218 2048 ,
242 1977 315 2056 quia
336 1976 449 2037 melius
478 1977 551 2037 mibi
576 1984 645 2038 erat
671 1984 761 2054 tunc,
794 1996 886 2056 quam
908 1996 998 2040 nunc.
1040 1976 1165 2039 Talibus

203 2065 207 2070 ’
239 2060 343 2139 itaque
365 2059 594 2139 impedimentis
615 2060 706 2120 discit
725 2060 821 2123 bomo
843 2078 969 2120 sensum
994 2079 1082 2120 suum
1114 2059 1166 2121 ds-

180 2202 184 2208 .
239 2144 361 2222 spicere
383 2161 422 2202 ac
443 2143 506 2202 auis
535 2143 732 2223 opinionibus
754 2163 817 2204 nou
840 2141 1011 2222 confidere,
1045 2149 1166 2222 promte

238 2226 366 2286 alterius
404 2227 509 2286 sensui
549 2225 694 2305 credere,
725 2245 763 2286 ac
796 2227 841 2285 sic
873 2225 1006 2286 libenter
1033 2224 1100 2286 Deo
1135 2231 1166 2285 et

239 2309 306 2369 aliis
329 2307 474 2389 credere,
510 2309 569 2369 soli
591 2308 649 2386 sibi
670 2327 793 2390 semper
815 2307 1004 2387 discredere,
1038 2307 1095 2368 sibi
1119 2327 1165 2367 su-

240 2399 382 2472 spectum
405 2412 504 2471 essa,
533 2412 571 2452 ac
590 2413 609 2452 a
638 2413 672 2453 se
700 2395 770 2473 ipso
792 2412 866 2472 prae
889 2391 1030 2453 omnibus
1053 2410 1164 2451 cavere
1181 2422 1208 2441 ··

214 2482 270 2536 -et
291 2478 414 2539 timere.
457 2474 550 2549 Quod
571 2475 631 2538 ubi*
648 2477 763 2537 factum
791 2476 894 2550 fuerit,
929 2474 1067 2554 perfecta
1087 2472 1163 2532 fides

229 2559 321 2621 lacta
342 2565 402 2619 est.
444 2558 530 2619 Haec
552 2559 634 2618 enim
654 2566 702 2620 cst
722 2559 875 2639 perfecta,
910 2576 989 2636 quac
1012 2576 1074 2616 non
1099 2562 1162 2615 tan-
1233 2605 1236 2611 .

163 2643 166 2653 '
239 2648 302 2701 turn
323 2660 391 2702 non
414 2659 519 2721 opera,
541 2640 597 2701 sed
622 2661 680 2702 nec
697 2641 792 2702 verba
811 2641 939 2720 quaerit,
963 2638 1072 2719 quibus
1092 2657 1163 2698 con·

239 2731 375 2785 tentetur
410 2742 448 2783 ac
480 2722 642 2803 doceatur,
678 2726 750 2805 quin
782 2726 875 2784 etiam
897 2724 941 2783 ita
961 2729 1084 2803 promta
1107 2728 1163 2801 est,

239 2814 271 2867 ut
313 2813 447 2886 quaerat
487 2808 580 2867 alium
622 2807 802 2885 ductorem,
845 2807 943 2885 fugiat
988 2826 1023 2865 se
1063 2807 1162 2884 ipsum

240 2892 424 2971 magistrum
468 2890 515 2949 sui
563 2910 642 2951 esse.
696 2890 776 2950 Nam
811 2890 841 2948 in
880 2890 978 2968 prime
1010 2888 1071 2947 lide
1105 2888 1163 2948 for·

240 2972 355 3034 manda
376 2972 544 3033 offeruntur
558 2975 648 3055 signa
672 2991 734 3034 non
751 2970 967 3053 cogitantibus,
990 2991 1049 3032 nec
1071 2991 1162 3051 quae-

239 3056 389 3135 rentibus,
412 3054 468 3116 sed
489 3056 551 3117 alia
572 3056 789 3135 quaerentibus
813 3062 844 3115 et
865 3056 976 3133 noxia3
1003 3055 1034 3114 in
1057 3074 1163 3129 secup·

241 3138 279 3198 da
300 3159 378 3201 vero
403 3138 621 3212 subtrahuntur
643 3140 741 3219 signa,
764 3138 982 3218 quaerentibus
1002 3157 1039 3197 ac
1055 3138 1162 3198 voleu-

241 3221 330 3303 tibus,
353 3228 387 3283 et
407 3220 576 3282 offeruntur
597 3216 707 3300 verbe,
737 3221 793 3281 sed
816 3222 907 3281 etiam
931 3240 993 3281 nou
1016 3240 1163 3299 quaeren-

241 3305 320 3366 tibus
342 3321 446 3384 neque
468 3305 661 3382 volentibus,
693 3306 766 3385 quia
793 3304 887 3383 signis
918 3312 1103 3365 revocantur
1124 3304 1162 3363 ab

242 3407 344 3449 errore
366 3386 556 3449 infidelitatis
578 3388 784 3449 eterroribus
807 3386 959 3467 Aegypti,
988 3387 1097 3465 quibus
1120 3386 1163 3445 in-

241 3472 381 3550 tendunt,
402 3472 505 3531 verbis
526 3479 630 3532 autem
651 3470 811 3531 trabuntur
831 3489 850 3529 a
871 3471 967 3551 signis
990 3490 1046 3549 per
1063 3469 1162 3529 deser·
1254 3546 1257 3549 Ι

157 3577 159 3591 =
241 3561 302 3614 tum
338 3554 379 3615 ad
419 3552 490 3615 fidei
521 3555 702 3634 profectum.
755 3554 877 3614 interea
905 3571 979 3613 vero
1012 3548 1073 3611 lide
1095 3552 1162 3609 iam

157 3651 158 3714 ,
241 3638 307 3716 ipse
328 3657 389 3698 nec
412 3639 502 3717 sigua
522 3657 581 3697 uec
602 3636 697 3697 verba
717 3638 844 3715 requirit
866 3635 923 3696 sibi
940 3634 1087 3711 exhiberi,
1107 3632 1161 3692 sed

242 3720 367 3781 exbibet
378 3721 492 3799 seipse
510 3721 590 3780 ultra
604 3722 694 3800 sigua
708 3726 739 3780 et
752 3720 846 3780 verbe
865 3720 956 3778 etiam
975 3716 1013 3775 ed
1026 3716 1161 3775 minutis-

157 3805 158 3822 ³
243 3804 350 3863 simum
364 3810 450 3863 motu
466 3803 633 3864 voluntatis
646 3803 721 3881 eius,
740 3804 789 3862 oui
811 3799 949 3879 credidit,
970 3800 1028 3877 cui,
1046 3799 1070 3857 si
1092 3816 1161 3858 eum
1248 3868 1251 3873 ἧ

226 3888 343 3965 ‘sciret
364 3886 590 3967 promtissimus
603 3893 701 3965 ,esset
716 3906 773 3965 per
794 3885 908 3947 omnia,
936 3880 1162 3961 Respondetur,

242 3968 324 4048 prius
344 3969 402 4030 fuit
422 3974 563 4049 tempore
586 3970 741 4047 quaesitus
764 3974 796 4028 et
817 3971 956 4043 vocatus,
979 3983 1062 4025 nuno
1084 3965 1163 4045 gerit

907 4062 951 4127 9*
