3075 4750
448 466 476 517 et
492 462 636 518 volenteis
652 464 774 519 bominis
794 462 861 519 sine
872 466 970 536 gretie.
1092 468 1097 473 “
1119 451 1182 531 245

263 634 395 697 dietum:
438 631 636 705 Unumdote
659 633 716 695 eut
740 654 820 697 unus
839 654 920 717 epex
943 654 1005 698 non
1032 636 1144 717 peribit
1164 656 1211 697 e.
1322 620 1325 627 ’

262 718 359 801 lege,
377 716 480 778 donee
500 718 606 779 omnis
625 716 710 781 flent.
833 739 836 746 ·

585 844 860 927 objectiones.
945 854 947 863 “

295 959 308 971 ’“
345 962 501 1045 Principio
541 962 615 1025 dieit
647 962 806 1025 lohannes
837 966 868 1025 in
904 965 1077 1041 Oenonieu:
1125 954 1184 1041 Qui

262 1055 353 1111 natus
376 1054 424 1108 est
444 1066 484 1107 ex
504 1046 588 1124 Deo,
620 1066 684 1109 non
705 1055 825 1127 penest.
867 1046 952 1109 Idem
974 1046 1088 1111 (leues.
1110 1043 1183 1110 XX:

263 1130 447 1193 Abimeleeh
482 1130 549 1192 Deo
582 1130 764 1212 respondet,
804 1130 887 1210 quod
925 1132 957 1191 in
990 1131 1185 1212 simplicitate

262 1214 366 1277 sordis
386 1213 509 1292 feeerit,
539 1230 614 1294 ergo
646 1232 708 1273 nou
739 1215 896 1294 peeenvit,
925 1220 956 1275 et
986 1224 1186 1295 quaeeunque

262 1299 324 1359 elie
344 1313 429 1357 nune
450 1296 673 1377 diripuissent·

346 1378 553 1460 Respondes:
602 1378 772 1459 Utrumque
795 1398 900 1439 verum
922 1385 985 1459 est,
1017 1380 1068 1461 qui
1095 1384 1185 1442 natus

263 1471 311 1525 est
331 1482 373 1525 ex
394 1462 474 1542 Deo,
495 1481 557 1524 nou
579 1469 690 1542 peeeet
702 1468 734 1523 et
754 1468 874 1541 penest,
897 1463 956 1522 uisi
976 1462 1056 1524 torte
1072 1462 1185 1524 Peulus

263 1548 355 1610 Rom.
378 1544 443 1606 Vll
465 1564 538 1607 uon·
550 1546 608 1608 iuit
627 1551 716 1605 ustus
739 1564 779 1605 ex
799 1542 883 1623 Deo,
911 1550 965 1605 eut
983 1546 1051 1627 ipss
1070 1544 1185 1607 doben-

263 1650 318 1692 nee
348 1630 495 1690 mentitus
528 1633 594 1707 est,
624 1629 677 1707 qui
699 1628 792 1688 dixit:
835 1626 867 1689 Si
889 1627 1070 1708 dixerimus,
1101 1628 1186 1708 quod

262 1715 426 1795 peceatum
448 1728 510 1773 non
532 1710 697 1789 hebemus,
727 1710 894 1771 meudsees
917 1722 1029 1773 sumus.
1073 1711 1187 1773 Peeoet

264 1796 389 1877 quidem
401 1794 440 1855 -in
463 1812 559 1875 opere
586 1793 712 1873 eodem,
735 1792 839 1873 quoad
861 1794 1050 1856 voluntatem
1077 1795 1186 1873 semis,

263 1882 326 1941 imo
363 1883 476 1960 peeest
512 1876 615 1957 quund
654 1876 846 1938 uoluntatem
887 1875 1026 1957 Spiritus.
1085 1877 1184 1939 Dinis:

264 1961 429 2046 quomodo
460 1958 623 2041 implemus
644 1958 745 2041 legem
766 1960 845 2021 Dei?
886 1960 1091 2041 Respondes:
1122 1977 1186 2023 non

263 2046 439 2128 implemus,
461 2050 493 2105 et
512 2059 576 2106 neu
598 2060 702 2104 sumus
719 2048 863 2124 potentes
886 2051 918 2104 et
938 2042 1061 2105 demum
1075 2042 1186 2106 'inobe-

264 2128 406 2207 ffieum,
431 2143 492 2187 nee
517 2126 580 2187 boe
610 2133 659 2187 est
685 2130 847 2207 perustum
868 2126 1053 2188 venisleex
1073 2133 1188 2209 genere

264 2219 419 2275 etnetme
440 2228 505 2288 sue,
527 2209 600 2289 quis
619 2208 695 2269 nihil
715 2209 909 2288 inquinatum
924 2209 1049 2271 intrebit
1067 2212 1100 2270 iu
1120 2228 1187 2291 reg·

263 2314 338 2357 num
361 2292 531 2355 coelorum.
572 2290 668 2374 Igitur
688 2310 744 2372 pro
768 2293 852 2353 omui
896 2299 1005 2353 eeeeto
1026 2293 1188 2372 requiritur

265 2377 441 2455 damnetis,
473 2382 506 2436 et
525 2371 664 2438 Christus
685 2375 774 2452 dieit,
804 2312 893 2455 quod
910 2392 1088 2437 neevunum
1111 2377 1186 2454 lete,

266 2470 320 2523 but
341 2465 425 2541 np'ex
445 2460 545 2540 perire
566 2458 694 2537 debeat,
726 2458 829 2520 donee
855 2461 959 2520 omnis
984 2458 1069 2522 flent.
1112 2459 1188 2520 Ree

264 2543 388 2606 tissime
412 2542 447 2603 B.
478 2543 667 2624 Augustinus
694 2542 717 2604 1.
740 2541 921 2603 nemone:
965 2540 1076 2603 Omnis
1103 2559 1190 2602 mnn-

266 2628 342 2690 dste
369 2625 475 2686 divine
498 2625 680 2706 implentur,
708 2624 851 2705 quando,
887 2625 1029 2704 quiequid
1058 2638 1120 2686 bon
1146 2623 1191 2701 flt,

267 2710 448 2792 ignoscitur.
502 2707 586 2789 lilrgo
624 2713 791 2788 praesepta
823 2707 881 2768 Dei
916 2707 985 2787 plus
1024 2708 1191 2788 implentur

267 2796 452 2876 iguoseente
472 2807 528 2871 per
548 2789 789 2850 miserirordiam
809 2790 893 2868 Deo,
928 2807 1018 2870 quum
1041 2797 1190 2870 operante

267 2895 323 2958 per
349 2875 498 2935 iustitiam
526 2873 661 2935 bomine.
703 2873 772 2934 Hoc
798 2879 863 2952 est,
893 2873 976 2953 quud
1004 2873 1061 2934 illi·
1076 2874 1190 2953 dieunt,
1258 2905 1261 2909 ·

267 2979 332 3021 neu
354 2957 481 3038 requirit
497 2956 581 3018 Deus
597 2955 828 3037 perfeetiouem,
850 2955 902 3016 ubi
914 2956 1062 3018 deberent
1077 2957 1190 3033 dicere,

267 3042 405 3124 ignoscit
423 3040 518 3101 Deus.
569 3038 631 3100 Sed
653 3037 784 3118 quibus?
826 3037 979 3120 Numquid
1009 3056 1044 3100 se
1077 3039 1192 3101 hebere

267 3131 431 3207 peeentum
457 3141 522 3184 non
550 3122 746 3202 putentibus?
791 3121 894 3202 Absit,
926 3122 980 3183 sed
1009 3122 1191 3200 dieentibns,

268 3208 390 3269 dimitte
418 3205 509 3268 nobis
536 3204 639 3267 debite
665 3211 788 3283 nostre,
823 3224 863 3266 ex
895 3224 981 3267 vers
1003 3205 1097 3268 eorde
1130 3204 1191 3266 hoe

269 3291 386 3355 melum
407 3304 497 3350 suum
517 3295 724 3370 agnoscentes
745 3295 777 3349 et
793 3287 982 3350 obedientes.
1013 3287 1064 3350 Sis
1076 3288 1190 3350 Erech.

267 3372 343 3436 XXs
374 3371 416 3434 Et
437 3370 637 3450 displicebitis
658 3370 747 3432 vobis
768 3372 800 3434 iu
822 3379 991 3452 conspeetu
1011 3377 1132 3447 vestro,
1145 3371 1189 3432 in

270 3455 415 3519 omnibus
436 3453 576 3532 malitiis,
597 3472 673 3533 ques
694 3454 819 3516 fecistis.
850 3453 920 3515 Hoe
941 3454 1086 3534 estquod
1107 3452 1190 3515 Psel-

269 3557 338 3600 mus
360 3536 449 3599 dieit:
492 3536 552 3596 Pro
573 3535 632 3596 hee
652 3535 776 3598 vombit
803 3536 843 3597 ed
870 3543 902 3597 te
927 3538 1025 3598 omnis
1056 3542 1190 3598 sanetus.

271 3621 304 3684 Si
322 3627 449 3683 sanetus
471 3624 533 3697 est,
556 3637 620 3679 non
641 3618 735 3680 hebet
754 3620 958 3700 impietatem,
987 3619 1045 3680 nisi
1066 3619 1098 3680 in
1120 3637 1190 3700 pee

271 3711 342 3767 eum
363 3704 543 3781 remissem3
571 3720 629 3782 pro
661 3720 722 3782 quo
752 3703 845 3783 igitur
871 3701 958 3764 oret?
998 3701 1112 3782 Utique
1132 3719 1190 3782 pro

271 3785 458 3850 remittenda
483 3791 564 3864 oret,
591 3803 654 3845 non
685 3804 742 3866 pro
769 3786 912 3862 remisse,
942 3784 1055 3865 greties
1087 3784 1190 3864 potius

273 3873 345 3954 ugit
389 3869 472 3932 Dein
502 3886 566 3930 non
585 3866 699 3929 debuit
718 3867 822 3930 disere
843 3872 979 3947 sanetus,
1013 3866 1068 3928 sed
1091 3868 1191 3929 omnis

272 3959 422 4036 pensetur
437 3969 496 4033 pro
516 3970 558 4013 eo
579 3950 697 4032 orebit,
722 3951 749 4012 si
771 3949 810 4012 de
830 3956 961 4032 peesnto
982 3949 1078 4012 vellet
1096 3949 1193 4032 loqui.
