3075 4750
337 478 380 560 oo
545 485 590 534 θ
722 444 861 548 rasam

340 668 467 724 strenue
487 661 560 722 feeit
591 666 765 741 pertatem
785 659 1041 740 disputationem,
1068 677 1129 720 neo
1155 665 1260 721 tamen

340 763 397 806 sua
416 744 567 826 firmavit,
590 762 740 808 neomea
763 743 952 820 confutavit,
979 744 1023 803 ita
1048 743 1170 822 etipse
1197 742 1260 802 dux

339 828 490 907 Georgius
511 827 592 887 iuter
607 826 818 906 prandendum
831 826 871 886 ad
881 825 1008 888 acetum
1022 832 1055 886 et
1065 845 1115 886 me
1128 825 1259 886 dioeret:

339 911 410 972 Sive
431 911 471 969 sit
491 910 556 968 iure
580 910 714 971 humano
748 911 814 970 sive
847 909 951 972 divino
979 928 1077 988 papa,
1110 910 1178 988 ipse
1210 914 1260 969 eat

337 1011 428 1072 papa.
481 991 572 1068 Quod
618 993 761 1071 verbum,
806 993 867 1052 nisi
916 993 1105 1072 argumentis
1151 991 1260 1052 fuisset

340 1081 459 1154 motus,
491 1093 683 1156 nequaquam
719 1076 862 1154 dixisset,
898 1073 953 1136 sed
985 1075 1114 1135 Eeoium
1157 1073 1259 1136 solum

358 1158 509 1220 robasset.

337 1177 357 1238 p
421 1241 523 1320 Atque
544 1241 595 1300 hio
615 1241 686 1302 vide
707 1240 757 1302 vel
778 1243 810 1300 in
834 1260 904 1302 meo
917 1259 1006 1319 essu,
1030 1258 1121 1320 quam
1132 1237 1260 1300 diffieile

341 1325 380 1384 sit
400 1323 529 1394 eluetari
556 1331 587 1384 et
609 1343 767 1405 emergere
791 1343 831 1385 ex
853 1324 1025 1402 erroribus,
1049 1324 1143 1386 totius
1173 1321 1257 1386 orbis

233 1434 237 1440 ·
340 1407 485 1486 exemplo
507 1405 650 1487 firmatis,
683 1415 715 1468 et
743 1407 839 1488 longa
859 1407 1083 1469 consuetudine
1111 1405 1198 1466 velut
1228 1407 1260 1466 in

309 1507 312 1517 ·
341 1497 482 1550 naturam
515 1491 649 1553 mutatis.
695 1489 795 1564 Quam
826 1509 932 1551 verum
964 1497 1013 1550 est
1046 1487 1260 1570 proverbiumz
1333 1499 1349 1512 “
1401 1524 1402 1545 ι

340 1571 474 1634 Diiiieile
508 1579 555 1634 est
577 1579 727 1634 consueta
760 1573 948 1652 relinquere,
982 1579 1029 1650 et,
1058 1570 1259 1633 Consuetudo

340 1663 389 1716 est
409 1656 507 1718 altera
528 1664 654 1726 natura,
684 1663 716 1716 et
737 1674 829 1734 quam
850 1675 924 1717 vere
958 1656 1033 1720 dioit
1054 1655 1260 1736 Augustinus:

340 1737 553 1818 Consuetudo,
576 1740 601 1800 si
612 1740 641 1799 ei
656 1757 719 1799 non
730 1739 890 1817 resistitur,
912 1738 947 1798 fit
958 1739 1139 1801 necessitas.
1179 1737 1261 1818 Ego,

344 1823 394 1901 qui
416 1822 476 1881 iam
505 1828 578 1882 tuno
607 1839 710 1882 sacras
732 1821 837 1882 literas
861 1821 1095 1902 diligentissime
1116 1822 1260 1901 privatim

341 1912 372 1964 et
394 1903 518 1984 publice
539 1905 674 1984 legeram
699 1911 731 1965 et
743 1903 909 1966 docueram
931 1925 987 1985 per
1009 1911 1129 1985 septem
1150 1922 1262 1982 annos,

338 1989 383 2048 ita
405 1993 439 2047 ut
460 1987 637 2048 memoriter
648 2006 747 2067 paene
766 1989 872 2048 omnia
893 1995 1046 2066 tenerem,
1068 1987 1179 2049 deinde
1201 1987 1260 2066 pri-

339 2071 441 2130 mitias
464 2071 650 2150 cognitionis
666 2077 697 2130 et
718 2069 791 2130 fidei
802 2071 914 2131 Ohriati
931 2072 1108 2149 hauseram,
1129 2071 1260 2148 aeilieet,

337 2151 408 2213 Non
429 2151 590 2233 operibus,
615 2152 669 2213 sed
691 2152 752 2214 fide
768 2153 882 2215 Christi
902 2173 960 2216 nos
980 2155 1078 2216 iustos
1100 2160 1133 2214 et
1152 2153 1258 2214 salvos

337 2233 418 2315 fieri,
451 2235 584 2316 denique
604 2235 653 2317 id,
678 2236 716 2296 de
739 2255 801 2317 quo
818 2237 946 2317 loquor,
967 2256 1080 2317 papam
1104 2255 1167 2298 non
1189 2255 1261 2296 esse

333 2319 404 2380 iure
423 2317 528 2382 divino
545 2326 637 2401 eaput
654 2319 817 2401 eeclesiae,
837 2321 900 2382 iam
912 2319 1115 2382 defendebam
1127 2319 1260 2401 publiea,

337 2408 441 2465 tomen
472 2402 503 2463 id
531 2402 614 2484 quod
636 2422 830 2483 consequens
852 2411 920 2475 erat
939 2424 1003 2469 non
1032 2403 1110 2482 vidi,
1141 2404 1262 2468 scilieet

338 2504 451 2565 papam
474 2488 650 2550 necessario
673 2506 744 2549 esse
766 2508 806 2548 ex
824 2487 960 2549 diabolo.
1002 2485 1094 2562 Quod
1114 2488 1198 2549 enim
1218 2505 1260 2549 ax

340 2568 408 2629 Deo
432 2588 495 2631 non
518 2577 582 2649 est,
604 2589 733 2631 neeesse
755 2576 804 2631 est
823 2589 864 2630 ex
885 2569 1011 2632 diabolo
1033 2588 1115 2631 esse.

423 2651 474 2713 Sio
496 2651 661 2733 absorptus
685 2672 767 2713 eram
794 2654 845 2730 (ut
866 2652 948 2730 dixi)
972 2659 1037 2713 tum
1060 2652 1204 2733 exemplo
1227 2658 1261 2713 et

338 2734 427 2796 titulo
451 2743 577 2797 sanotae
599 2736 764 2813 eeclesiae,
793 2740 858 2794 tum
879 2734 1103 2797 consuetudine
1123 2736 1259 2816 propria,

242 2842 244 2849 ’
339 2824 373 2879 ut
393 2838 494 2899 papae
518 2817 721 2879 oonoederem
743 2819 791 2878 ius
812 2817 995 2899 humanum,
1027 2819 1111 2898 quod
1142 2827 1258 2898 tamen,

252 2916 255 2923 ⁴
340 2902 365 2961 ai
388 2920 451 2962 non
484 2902 524 2961 eit
544 2902 652 2961 fuitum
674 2902 840 2962 autoritate
862 2901 984 2982 divina,
1010 2902 1206 2966 mendaeium
1228 2909 1261 2963 et

340 2983 527 3047 diabolicum
549 2989 607 3045 est.
649 2982 728 3045 Nem
764 2985 944 3064 parentibus
973 2992 1004 3047 et
1030 2984 1259 3067 magistratibus

338 3086 497 3147 paremus,
528 3085 591 3127 non
627 3067 699 3145 quia
719 3068 778 3146 ipsi
799 3068 1007 3147 praecipiunt,
1040 3068 1098 3128 sed
1118 3069 1192 3147 quia
1212 3068 1259 3129 sio

340 3158 389 3211 est
409 3150 552 3212 voluntas
564 3149 636 3229 Dei,
661 3153 689 3215 1.
710 3150 791 3211 Petr.
816 3153 845 3215 2.
866 3151 946 3211 Hine
967 3158 1029 3228 eat,
1053 3151 1258 3230 quodminus

339 3234 444 3314 iniquo
467 3232 570 3293 animo
600 3232 828 3313 ferrepossuin
848 3254 917 3314 eos,
944 3236 997 3315 qui
1016 3234 1204 3314 pertinatius
1225 3235 1259 3293 in

338 3322 453 3397 papatu
466 3314 608 3395 haerent,
630 3318 812 3395 praesertim
833 3319 886 3397 qui
901 3336 990 3379 saera
1008 3317 1165 3380 ueletiam
1187 3336 1258 3397 pro

339 3399 412 3461 fana
433 3417 495 3459 non
519 3395 676 3479 legerunt,
699 3418 767 3459 oum
790 3418 850 3481 ego
873 3402 1029 3484 totenais
1041 3418 1129 3461 saera
1150 3400 1258 3481 legens

339 3481 572 3563 diligentissime
594 3487 698 3545 tamen
720 3484 764 3545 ita
785 3482 873 3543 haesi
893 3485 1055 3545 tenaeiter.
1121 3510 1124 3513 ·

420 3565 512 3625 Anno
534 3564 674 3629 MDXIX.
698 3567 781 3628 misit
803 3567 919 3628 Rosam
941 3566 1004 3627 Leo
1027 3567 1064 3629 X.
1088 3564 1142 3651 (ut
1173 3564 1256 3648 dixi)

337 3668 393 3727 per
414 3646 557 3709 carolum
579 3648 749 3726 Miltitium,
772 3650 824 3729 ‘qui
848 3650 951 3710 multis
981 3652 1046 3731 egit
1065 3668 1201 3724 meeum,
1224 3657 1258 3714 ut

338 3750 439 3812 papae
458 3731 688 3795 reoonoiliarer.
732 3732 762 3793 Is
779 3731 886 3793 habuit
896 3736 937 3799 70
951 3733 1063 3793 Brevia
1075 3732 1258 3812 apostoliea,

338 3820 386 3893 ut,
426 3816 451 3875 si
473 3815 622 3894 Princeps
644 3815 817 3875 Friderious
845 3815 890 3875 illi
913 3835 963 3877 me
984 3815 1134 3892 traderet,
1166 3817 1258 3878 sieuti

337 3916 419 3979 papa
440 3918 496 3978 per
507 3896 623 3961 Rosam
641 3897 822 3995 quaerebat,
843 3916 900 3977 per
914 3899 1036 3979 singula
1057 3896 1173 3978 oppida
1193 3897 1259 3960 affi-

338 3988 426 4060 geret
446 4001 556 4063 unum,
591 3986 624 4043 et
653 3988 697 4043 ita
724 3987 807 4041 tutus
829 3999 879 4042 me
912 3981 1096 4061 perdueeret
1115 3978 1259 4045 Romam.
