3075 4750
613 502 650 556 ee
665 503 853 573 aunuum.
1114 498 1190 568 aab

268 669 371 729 datiae
390 678 629 751 flammeum,
650 679 866 752 praeterquam
883 672 915 731 in
933 670 984 731 die
997 668 1137 731 Paschae
1157 678 1190 731 at

268 752 298 811 iu
319 753 429 811 mortis
449 756 590 832 animle,
611 756 681 815 aliis
701 758 776 815 anni
797 754 986 833 temporibus
1008 754 1187 830 miniauara,

269 840 300 893 et
318 834 436 897 amasa
454 857 512 916 per
530 846 563 897 te
582 846 657 898 vota
678 856 891 916 quaeeunque,
914 836 1123 913 ultramarino,
1143 837 1188 897 in-

164 921 165 925 ’
268 935 392 996 mus
412 920 585 999 religionis,
616 928 649 979 et
673 922 825 979 castitatis
853 921 935 979 votis
961 919 1113 978 duntaxat
1137 936 1189 978 ex·

268 1000 375 1077 captis,
396 1002 430 1061 in
449 1003 612 1063 ntibhtem
633 1003 737 1062 dictae
756 1002 893 1062 fabricae
913 1008 1104 1063 commutare
1118 1020 1188 1080 pos-

267 1084 314 1143 sit.
356 1082 407 1143 lta
426 1091 549 1160 nmen,
576 1085 661 1164 quod
690 1085 821 1145 durante
850 1094 990 1164 tempore
1017 1084 1189 1162 praesentis

267 1167 495 1229 commissionis
516 1175 549 1228 et
563 1168 800 1247 publicationis,
830 1187 898 1227 cnm
928 1168 1067 1246 praelato
1098 1165 1188 1226 Gom·

267 1250 419 1328 missario,
440 1250 491 1309 vel
507 1250 726 1330 Subdepntatis
738 1250 779 1310 ab
792 1270 830 1311 eo
843 1269 935 1331 super
947 1250 1190 1309 commutatione

231 1388 233 1391 Α
267 1331 419 1391 dictorum
439 1340 581 1393 votorum
610 1335 643 1392 in
669 1334 832 1393 utilitatem
859 1332 960 1393 dictae
980 1331 1115 1392 fabricae
1135 1330 1190 1391 fiat
1255 1390 1257 1394 .

266 1416 463 1493 compositio,
483 1434 544 1475 nec
563 1435 627 1475 nou
649 1416 721 1491 tibi,
742 1423 776 1476 et
797 1415 992 1495 parentibus,
1014 1415 1187 1491 ceterisque

267 1496 419 1557 defunctis
443 1499 522 1574 tuis,
554 1500 607 1576 qni
639 1500 673 1558 in
698 1500 875 1558 sinceritate
901 1496 973 1557 fidei
1005 1504 1037 1557 et
1050 1497 1189 1561 ,unitate

266 1587 393 1641 swalna
423 1582 529 1640 matris
556 1582 709 1641 ecclesiae
736 1581 949 1657 decesserunt,
982 1578 1119 1639 omnium
1155 1586 1189 1637 at

266 1663 454 1743 singularum
477 1666 649 1741 missarum,
670 1666 855 1740 orationum,
877 1663 1048 1723 divinorum
1072 1660 1188 1721 officio

265 1765 348 1819 rum,
370 1746 568 1824 ieiuniorum,
590 1747 829 1826 disciplinarum,
850 1747 1088 1823 amoenumque,
1108 1744 1188 1803 elae-

266 1847 475 1909 mosynarum,
485 1828 710 1910 suffiagiorun,
731 1830 931 1907 omniumque
948 1828 1076 1889 alionum
1092 1826 1189 1887 bono·

265 1930 331 1971 rum
353 1912 574 1991 spiritualium,
607 1931 688 1991 quae
707 1911 786 1973 fiunt
808 1920 840 1971 et
859 1911 935 1971 iient
955 1912 986 1969 in
1006 1918 1188 1989 perpetuum

264 1996 296 2053 in
317 1994 485 2055 universali
506 2002 706 2055 sacrosancta
726 1995 877 2055 militante
888 1994 1030 2070 ecclesia,
1053 1999 1188 2052 etmem·

266 2076 327 2137 bris
357 2079 424 2137 cius
450 2079 718 2157 participationem
745 2078 944 2157 impartimur.
993 2076 1027 2135 ln
1058 2092 1188 2153 quorum

266 2157 358 2219 tidem
386 2168 419 2221 et
447 2160 656 2221 testimoninm
689 2168 870 2241 praesentes
901 2159 988 2237 lieri,
1024 2166 1056 2218 at
1085 2157 1188 2237 sigilli,

265 2260 326 2320 quo
348 2244 380 2301 in
403 2242 515 2303 talibus
536 2245 663 2321 utimur,
689 2243 820 2302 fecimus
849 2243 1041 2321 appensione
1067 2240 1188 2301 munim.

265 2325 378 2386 Datum
394 2327 426 2386 in
442 2325 559 2386 Woren
572 2328 664 2387 Auno
675 2324 910 2386 ucceccxvl
931 2324 980 2384 die
1002 2325 1050 2386 24.
1073 2322 1189 2383 lenas

265 2408 391 2488 Aprilis,
413 2407 614 2470 Pontificatum
636 2410 764 2489 praelati
787 2407 979 2471 Sanctissimi
991 2406 1119 2466 Domini
1134 2423 1188 2466 no·

265 2493 320 2551 stri
339 2511 423 2552 anno
444 2493 474 2553 4.

265 2625 403 2686 Forma
424 2625 705 2689 Absolutionis
726 2624 949 2706 plenariae,
971 2623 1189 2704 praemissa

593 2708 863 2769 confessione:

282 2817 291 2822 ”
347 2821 586 2881 Misereatnrtui
606 2827 665 2881 etc.
707 2819 859 2880 Dominus
876 2823 982 2878 noster
996 2817 1087 2878 Jcans
1105 2816 1189 2876 Obri-

264 2909 330 2962 stus
354 2922 411 2981 per
439 2905 550 2963 marita
577 2922 652 2962 suae
672 2903 887 2961 sanctissimae
908 2901 1062 2978 passionis
1086 2906 1115 2958 te
1136 2897 1187 2958 ab·

265 2985 378 3062 solvat,
400 2991 433 3045 et
453 3005 513 3068 ago
535 2986 701 3045 autoritate
721 2983 859 3043 eiusdem
882 2989 913 3042 at
933 2981 1094 3044 beatorum
1108 2979 1190 3040 Patri

264 3074 297 3127 et
323 3067 413 3127 Pauli
443 3067 656 3147 apostolorum
686 3067 752 3126 aius
789 3073 836 3125 et¹
853 3065 1038 3124 sanctissimi
1073 3063 1190 3123 domiai

265 3152 364 3211 nostri
396 3150 500 3230 Papae
527 3149 582 3210 tibi
610 3167 760 3208 concessa
787 3155 819 3208 ct
845 3149 876 3207 in
906 3147 965 3206 bac
993 3153 1080 3226 parte
1116 3145 1189 3205 milri

265 3233 434 3294 commissa
454 3240 485 3292 te
505 3232 651 3308 absolvo,
682 3232 782 3310 primo
816 3230 854 3290 ab
884 3228 1025 3290 omnibus
1054 3228 1190 3288 censuris

266 3316 486 3377 ecelesiasticis
509 3335 565 3394 per
583 3322 616 3374 tc
644 3312 880 3392 quomodolibet
904 3312 1049 3388 incursis,
1079 3309 1191 3369 deinde

266 3400 305 3459 ab
333 3399 477 3458 omnibus
512 3398 662 3477 peccatis,
706 3396 827 3456 delictis
857 3401 888 3455 et
914 3393 1091 3457 excessibus
1131 3393 1190 3452 tuis

265 3482 417 3542 hactenus
436 3500 494 3560 per
519 3487 559 3540 ta·
572 3481 744 3540 commissis
767 3485 1036 3558 quantumcunque
1060 3474 1191 3534 enormi·

266 3563 340 3643 bas,
370 3564 464 3625 stiam
486 3563 551 3622 sedi
573 3562 767 3642 apostolicae
787 3562 968 3638 reservatis,
990 3560 1021 3618 iu
1044 3563 1191 3636 quantum

164 3712 168 3731 ,
265 3649 371 3708 claves
391 3651 522 3706 sanctae
543 3647 648 3705 matris
672 3645 824 3706 ecclesiae
838 3662 871 3703 se
887 3640 1067 3714 extendunt,
1088 3639 1191 3701 ramit-

267 3731 362 3791 teudo
386 3729 441 3791 tibi
462 3749 518 3810 per
538 3730 708 3809 plenariam
729 3727 953 3808 indulgentiam
977 3741 1100 3784 omnem
1118 3739 1191 3802 poc·

266 3834 338 3874 uam
367 3815 398 3873 in
421 3813 599 3894 purgatorio
621 3831 677 3892 pro
698 3809 875 3890 praemissis
899 3807 953 3868 tibi
976 3804 1126 3879 debitam,
1161 3810 1192 3863 et

265 3900 395 3959 restituo
430 3904 461 3958 te
491 3895 605 3956 sanctis
631 3893 830 3955 sacramentis
859 3889 1011 3950 ecclesiae
1032 3893 1064 3947 et
1085 3885 1193 3947 unitati

266 3981 405 4043 fidelium
438 3998 477 4041 ac
507 3979 703 4043 innocentiae
730 3984 762 4036 et
788 3973 927 4055 puritati,
965 3973 996 4032 in
1033 3987 1192 4050 quaeras,
