3075 4750
604 456 712 516 Nicolci
731 456 889 515 mdcrffl.
909 478 923 500 ·
1167 459 1206 524 11
1268 513 1277 524 x
1380 467 1386 474 ‘

289 623 669 705 nosne-comprobemus,
691 631 723 686 et
742 623 899 704 plausibili
918 625 1024 704 specie
1044 627 1085 688 da
1105 635 1209 692 ments

289 715 318 768 et
350 709 486 770 sanitate
519 706 671 770 deturbati
692 708 902 773 audchnstum
932 707 1123 787 Romanum,
1156 711 1208 789 qni

289 791 406 870 optimo
428 791 495 850 iure
519 791 664 853 meretrix
686 789 881 870 Babylonica
898 790 1081 870 appellatur,
1104 800 1137 854 ot
1158 793 1209 854 be·

287 875 376 934 stiam
399 877 573 952 gestantem
595 873 655 934 hoe
675 873 792 935 idolum
814 874 996 951 moremus,
1030 882 1064 936 et
1085 875 1209 937 charae

287 963 351 1016 tere
384 955 526 1019 manibus
554 975 592 1016 ac
617 955 710 1016 fronti
731 957 883 1035 impresso
912 965 1115 1018 mmoatnram
1141 959 1209 1020 aine

285 1037 424 1117 periculo
453 1057 599 1100 exercme
625 1040 796 1118 possimus,
817 1039 880 1098 lroo
906 1046 969 1114 est,
997 1060 1038 1100 ne
1064 1041 1115 1100 vel
1142 1060 1209 1105 coc

285 1140 365 1200 pora
386 1121 438 1180 vel
459 1119 621 1182 facultates
644 1123 675 1180 ln
697 1121 861 1182 discrimen
884 1120 1084 1185 adducamus.

370 1203 438 1262 Huc
460 1203 666 1283 adiungentur
686 1205 757 1283 piae
779 1210 811 1263 et
828 1202 968 1266 eruditae
985 1206 1208 1283 confessiones,

286 1288 315 1346 iu
340 1285 450 1364 quihus
472 1288 518 1348 vir
539 1286 597 1346 Dei
620 1305 729 1349 omnes
755 1287 901 1348 articulos
923 1285 995 1348 lidei
1015 1296 1141 1350 coenae
1162 1290 1210 1350 sic

285 1370 450 1431 illustrauit
471 1376 503 1430 et
516 1368 718 1446 confirmavit,
742 1376 776 1430 ut
787 1388 896 1432 omnes
908 1376 1017 1448 portae
1031 1371 1209 1448 intermunt,

285 1453 408 1514 etiamsi
430 1471 464 1516 ae
486 1459 645 1531 rumpant,
669 1472 708 1512 ue
730 1453 839 1515 mutire
861 1453 986 1530 quidem
1008 1461 1119 1515 contra
1138 1473 1208 1534 pos·

286 1536 357 1596 sint.
401 1533 468 1596 Etsi
490 1543 593 1596 autem
615 1551 722 1596 omnes
744 1541 847 1614 portes
875 1539 969 1613 atque
990 1537 1096 1597 omnia
1114 1556 1209 1600 mem·

287 1618 342 1682 bra
364 1617 526 1686 docuiuae
549 1617 750 1694 Christianae,
774 1625 808 1678 nt
827 1617 906 1695 dixi,
928 1619 1087 1698 praeclare
1106 1619 1147 1680 ab
1168 1638 1209 1680 eo

287 1701 405 1760 mnnita
425 1708 512 1779 sunt,
536 1707 638 1764 minen
659 1701 691 1762 hi
718 1702 780 1762 loci
802 1701 888 1765 velut
907 1720 1050 1782 gemmae
1070 1702 1208 1782 insignes

286 1786 316 1846 in
339 1784 463 1862 seriptis
482 1784 520 1844 D.
543 1783 665 1846 Lutlreri
687 1785 839 1846 eminent:

369 1867 497 1945 Primus,
520 1866 602 1945 quod
626 1873 688 1926 tres
709 1869 769 1926 siut
786 1867 944 1928 Personae
965 1867 1133 1930 divinitatis
1155 1867 1208 1931 ho

287 1951 437 2026 moesiae,
461 1955 606 2012 aeternus
628 1949 727 2029 Pater,
750 1947 963 2029 Filiusddroc,
985 1953 1036 2030 qui
1049 1946 1209 2016 eater’noe'r

286 2033 406 2094 aeterni
426 2032 539 2111 Patris,
562 2039 593 2092 et
614 2031 743 2112 Spiritus
765 2040 900 2098 moetus.

370 2114 544 2193 Secundus,
568 2114 651 2196 quod
673 2115 763 2176 Jssus
786 2115 939 2195 Christus,
968 2117 1021 2195 qui
1042 2115 1209 2194 assumpsit

286 2205 428 2260 naturam
458 2198 623 2260 humanam
658 2219 697 2260 ex
731 2200 849 2278 virgine
876 2199 989 2278 Maria,
1026 2199 1068 2262 eit
1099 2205 1208 2258 natura

286 2283 373 2345 Deus
396 2287 428 2343 et
450 2283 656 2361 omnipotens.

369 2364 507 2442 Tertius,
540 2364 622 2444 quod
656 2369 782 2444 propter
814 2364 897 2427 huno
916 2365 1084 2428 Dominum
1113 2363 1208 2443 gratis

285 2448 376 2511 datur
402 2449 542 2509 remissio
570 2454 768 2527 peccatorum
797 2453 830 2510 ct
850 2448 1024 2526 acceptatio
1051 2446 1092 2513 ad
1114 2447 1208 2508 vitam

285 2536 444 2592 aeternam
482 2530 645 2611 agentibus
683 2530 905 2609 poenitentiam
944 2536 974 2589 et
1012 2526 1207 2589 erodentibus

286 2634 366 2674 evan
391 2613 461 2675 elic.
1085 2671 1089 2678 .

368 2633 519 2771 {inertum
542 2695 708 2774 patefactio
731 2695 1063 2757 antichristi'ltomani.
1110 2718 1115 2732 ¹

369 2779 435 2841 Hos
458 2777 614 2856 articulos,
637 2777 745 2857 quibus
768 2777 876 2839 salutis
898 2784 1024 2839 nmtrae
1045 2778 1208 2840 ratinma

285 2862 370 2923 xime
384 2862 567 2938 continetur,
590 2879 682 2924 nemo
705 2862 842 2921 omnium
863 2859 1110 2940 poetapostolos
1124 2867 1210 2921 muta

285 2944 505 3024 perspicuitate
527 2945 681 3008 enarravit
700 2949 732 3003 et
745 2942 949 3023 confirmavit,
971 2949 1004 3003 ut
1023 2943 1209 3022 hicsapiens

286 3031 317 3089 et
329 3028 446 3106 peritus
461 3026 611 3087 eeclesiae
621 3024 817 3106 guberuator.
836 3026 943 3105 ltaque
955 3025 1023 3089 libri
1037 3026 1134 3106 ipsine
1144 3044 1209 3101 om·

285 3109 375 3171 nibus
399 3109 502 3188 regnis
516 3115 547 3170 et
560 3109 669 3189 opibus
683 3108 788 3171 muudi
799 3109 893 3188 longe
906 3108 1116 3189 anteponendi
1128 3115 1216 3174 suctu

370 3192 486 3253 Omitto
511 3197 632 3255 ceteros
654 3190 802 3253 articulos
821 3190 894 3254 fidei
909 3190 1112 3272 Christianae,
1135 3210 1209 3270 quo·

285 3295 351 3335 rum
386 3275 540 3337 luculenta
573 3275 767 3337 enarratione
795 3292 853 3336 noe
885 3293 926 3335 ox
958 3274 1152 3335 densissimis
1178 3279 1211 3335 et

285 3357 446 3420 horrendis
494 3356 628 3419 tenebris
674 3358 805 3420 carceris
845 3356 1030 3437 Babylonici
1071 3356 1138 3433 vel,
1175 3362 1210 3418 nt

286 3442 390 3501 verius
418 3440 537 3517 dicam,
564 3440 724 3502 Romanae
753 3439 926 3519 tyrannidis
955 3440 1084 3520 eripuit,
1118 3448 1151 3499 st
1175 3440 1219 3508 in,

284 3524 392 3586 sedem
414 3531 506 3602 atque
529 3524 689 3603 regionem
713 3523 804 3599 lucis,
833 3523 866 3584 in
887 3542 949 3602 qua
970 3524 1082 3588 verius
1105 3521 1209 3583 diviua

284 3608 482 3687 potissimum
504 3605 594 3667 lieret
617 3605 853 3682 eldeminster,
876 3605 1069 3673 collocavit..
1093 3605 1209 3666 Horum

285 3692 487 3753 maximarum
518 3708 619 3749 rerum
648 3686 898 3750 consideratione
912 3689 1149 3766 convincimur,
1176 3696 1210 3749 ut

284 3774 374 3835 lateri
395 3792 543 3853 cogamur
563 3761 658 3833 verba
679 3770 769 3833 nobis
792 3770 918 3848 deesse,
947 3771 1056 3850 quius
1083 3771 1208 3850 gratitu-

284 3856 389 3919 dinem
413 3864 549 3918 nostrem
560 3854 628 3915 Deo
650 3852 854 3917 declaremus.
898 3853 986 3927 Quae
1006 3853 1088 3914 enim
1106 3856 1207 3915 oratio

285 3960 340 4021 par
366 3958 438 3999 esse
465 3944 569 4018 potest
596 3936 788 4017 amplissimo
820 3935 987 4013 beneficio,
1018 3936 1101 4015 quod
1121 3937 1207 4005 Deus
