<?xml version="1.0" encoding="UTF-8"?>
<!DOCTYPE html PUBLIC "-//W3C//DTD XHTML 1.0 Transitional//EN"
    "http://www.w3.org/TR/xhtml1/DTD/xhtml1-transitional.dtd">
<html xmlns="http://www.w3.org/1999/xhtml" xml:lang="en" lang="en">
 <head>
  <title>
</title>
<meta http-equiv="Content-Type" content="text/html;charset=utf-8" />
  <meta name='ocr-system' content='tesseract 3.04.00' />
  <meta name='ocr-capabilities' content='ocr_page ocr_carea ocr_par ocr_line ocrx_word'/>
</head>
<body>
  <div class='ocr_page' id='page_1' title='image "./operalatinavari01schmgoog_0280.png"; bbox 0 0 3075 4750; ppageno 0'>
   <div class='ocr_carea' id='block_1_1' title="bbox 366 467 889 544">
    <p class='ocr_par' dir='ltr' id='par_1_1' title="bbox 366 467 889 544">
     <span class='ocr_line' id='line_1_1' title="bbox 366 467 889 544; baseline 0.011 -5"><span class='ocrx_word' id='word_1_1' title='bbox 366 467 430 544; x_wconf 68' lang='lat'>2¹12</span> <span class='ocrx_word' id='word_1_2' title='bbox 752 473 889 532; x_wconf 60' lang='grc' dir='ltr'>ΡΜΝὶθ</span> 
     </span>
    </p>
   </div>
   <div class='ocr_carea' id='block_1_2' title="bbox 366 639 1379 1964">
    <p class='ocr_par' dir='ltr' id='par_1_2' title="bbox 366 639 1379 1298">
     <span class='ocr_line' id='line_1_2' title="bbox 367 639 1293 724; baseline 0.003 -24"><span class='ocrx_word' id='word_1_3' title='bbox 367 639 440 718; x_wconf 89' lang='lat' dir='ltr'>nali,</span> <span class='ocrx_word' id='word_1_4' title='bbox 465 639 610 704; x_wconf 80' lang='lat' dir='ltr'>videlieet</span> <span class='ocrx_word' id='word_1_5' title='bbox 630 639 661 700; x_wconf 88' lang='lat' dir='ltr'>in</span> <span class='ocrx_word' id='word_1_6' title='bbox 685 641 775 702; x_wconf 90' lang='lat' dir='ltr'>tertio</span> <span class='ocrx_word' id='word_1_7' title='bbox 795 640 847 702; x_wconf 83' lang='lat' dir='ltr'>vel</span> <span class='ocrx_word' id='word_1_8' title='bbox 868 646 977 720; x_wconf 85' lang='lat' dir='ltr'>quarto</span> <span class='ocrx_word' id='word_1_9' title='bbox 996 639 1096 721; x_wconf 82' lang='lat' dir='ltr'>gradu</span> <span class='ocrx_word' id='word_1_10' title='bbox 1107 644 1293 724; x_wconf 79' lang='lat' dir='ltr'>oonsnngui·</span> 
     </span>
     <span class='ocr_line' id='line_1_3' title="bbox 367 723 1294 803; baseline 0.003 -19"><span class='ocrx_word' id='word_1_11' title='bbox 367 723 543 786; x_wconf 79' lang='lat' dir='ltr'>nitatis-vel</span> <span class='ocrx_word' id='word_1_12' title='bbox 562 723 720 784; x_wconf 83' lang='lat' dir='ltr'>affinitatis</span> <span class='ocrx_word' id='word_1_13' title='bbox 748 723 886 803; x_wconf 88' lang='lat' dir='ltr'>impediti</span> <span class='ocrx_word' id='word_1_14' title='bbox 915 726 1144 786; x_wconf 85' lang='lat' dir='ltr'>matrimonium</span> <span class='ocrx_word' id='word_1_15' title='bbox 1173 733 1294 787; x_wconf 86' lang='lat' dir='ltr'>eontra·</span> 
     </span>
     <span class='ocr_line' id='line_1_4' title="bbox 368 806 1379 887; baseline 0.004 -21"><span class='ocrx_word' id='word_1_16' title='bbox 368 813 490 885; x_wconf 79' lang='lat' dir='ltr'>xerunt,</span> <span class='ocrx_word' id='word_1_17' title='bbox 512 806 634 867; x_wconf 87' lang='lat' dir='ltr'>absolvi</span> <span class='ocrx_word' id='word_1_18' title='bbox 656 812 686 866; x_wconf 92' lang='lat' dir='ltr'>et</span> <span class='ocrx_word' id='word_1_19' title='bbox 697 806 870 887; x_wconf 84' lang='lat' dir='ltr'>dispensari</span> <span class='ocrx_word' id='word_1_20' title='bbox 885 814 1025 886; x_wconf 76' lang='lat' dir='ltr'><strong>possunt,</strong></span> <span class='ocrx_word' id='word_1_21' title='bbox 1039 813 1071 868; x_wconf 90' lang='lat' dir='ltr'>et</span> <span class='ocrx_word' id='word_1_22' title='bbox 1085 809 1118 868; x_wconf 93' lang='lat' dir='ltr'>in</span> <span class='ocrx_word' id='word_1_23' title='bbox 1129 817 1294 870; x_wconf 85' lang='lat' dir='ltr'>eontraato</span> <span class='ocrx_word' id='word_1_24' title='bbox 1378 830 1379 845; x_wconf 60' lang='lat'>¹</span> 
     </span>
     <span class='ocr_line' id='line_1_5' title="bbox 366 889 1379 969; baseline 0.005 -21"><span class='ocrx_word' id='word_1_25' title='bbox 366 889 561 952; x_wconf 90' lang='lat' dir='ltr'>matrimonio</span> <span class='ocrx_word' id='word_1_26' title='bbox 583 909 752 968; x_wconf 89' lang='lat' dir='ltr'>remanere,</span> <span class='ocrx_word' id='word_1_27' title='bbox 774 896 807 952; x_wconf 89' lang='lat' dir='ltr'>et</span> <span class='ocrx_word' id='word_1_28' title='bbox 826 889 928 951; x_wconf 90' lang='lat' dir='ltr'>denuo</span> <span class='ocrx_word' id='word_1_29' title='bbox 946 892 973 950; x_wconf 86' lang='lat' dir='ltr'>ei</span> <span class='ocrx_word' id='word_1_30' title='bbox 994 909 1073 969; x_wconf 88' lang='lat' dir='ltr'>opus</span> <span class='ocrx_word' id='word_1_31' title='bbox 1095 892 1153 952; x_wconf 81' lang='lat' dir='ltr'>luit</span> <span class='ocrx_word' id='word_1_32' title='bbox 1173 900 1295 953; x_wconf 85' lang='lat' dir='ltr'>nontra-</span> <span class='ocrx_word' id='word_1_33' title='bbox 1378 896 1379 899; x_wconf 73' lang='grc'>’</span> 
     </span>
     <span class='ocr_line' id='line_1_6' title="bbox 367 971 1296 1054; baseline 0.001 -21"><span class='ocrx_word' id='word_1_34' title='bbox 367 973 442 1034; x_wconf 88' lang='lat' dir='ltr'>bere</span> <span class='ocrx_word' id='word_1_35' title='bbox 464 971 627 1051; x_wconf 86' lang='lat' dir='ltr'>valebunt,</span> <span class='ocrx_word' id='word_1_36' title='bbox 656 972 775 1050; x_wconf 89' lang='lat' dir='ltr'>prolem</span> <span class='ocrx_word' id='word_1_37' title='bbox 805 979 980 1052; x_wconf 77' lang='lat' dir='ltr'><strong>susceptam</strong></span> <span class='ocrx_word' id='word_1_38' title='bbox 1010 980 1043 1032; x_wconf 89' lang='lat' dir='ltr'>et</span> <span class='ocrx_word' id='word_1_39' title='bbox 1062 975 1296 1054; x_wconf 80' lang='lat' dir='ltr'>suscipiendam</span> 
     </span>
     <span class='ocr_line' id='line_1_7' title="bbox 369 1054 1379 1136; baseline 0.005 -22"><span class='ocrx_word' id='word_1_40' title='bbox 369 1055 537 1136; x_wconf 73' lang='lat' dir='ltr'>legitimam</span> <span class='ocrx_word' id='word_1_41' title='bbox 559 1055 625 1116; x_wconf 86' lang='lat' dir='ltr'>sore</span> <span class='ocrx_word' id='word_1_42' title='bbox 645 1054 845 1118; x_wconf 75' lang='lat' dir='ltr'>declaranda.</span> <span class='ocrx_word' id='word_1_43' title='bbox 887 1056 981 1132; x_wconf 89' lang='lat' dir='ltr'>ltem,</span> <span class='ocrx_word' id='word_1_44' title='bbox 1004 1056 1044 1116; x_wconf 92' lang='lat' dir='ltr'>de</span> <span class='ocrx_word' id='word_1_45' title='bbox 1065 1057 1211 1119; x_wconf 84' lang='lat' dir='ltr'>omnibus</span> <span class='ocrx_word' id='word_1_46' title='bbox 1232 1075 1295 1118; x_wconf 71' lang='lat' dir='ltr'>ma</span> <span class='ocrx_word' id='word_1_47' title='bbox 1378 1116 1379 1119; x_wconf 74' lang='grc'>,</span> 
     </span>
     <span class='ocr_line' id='line_1_8' title="bbox 368 1136 1379 1223; baseline 0.005 -26"><span class='ocrx_word' id='word_1_48' title='bbox 368 1138 398 1202; x_wconf 86' lang='lat' dir='ltr'>le</span> <span class='ocrx_word' id='word_1_49' title='bbox 416 1136 528 1198; x_wconf 83' lang='lat' dir='ltr'>oblatis</span> <span class='ocrx_word' id='word_1_50' title='bbox 548 1139 671 1198; x_wconf 81' lang='lat' dir='ltr'>insertis</span> <span class='ocrx_word' id='word_1_51' title='bbox 694 1140 831 1200; x_wconf 86' lang='lat' dir='ltr'>etetiam</span> <span class='ocrx_word' id='word_1_52' title='bbox 847 1140 939 1200; x_wconf 74' lang='lat' dir='ltr'>sarda</span> <span class='ocrx_word' id='word_1_53' title='bbox 960 1159 1016 1219; x_wconf 91' lang='lat' dir='ltr'>per</span> <span class='ocrx_word' id='word_1_54' title='bbox 1033 1142 1206 1201; x_wconf 84' lang='lat' dir='ltr'>usurariam</span> <span class='ocrx_word' id='word_1_55' title='bbox 1227 1159 1296 1221; x_wconf 88' lang='lat' dir='ltr'>pra-</span> <span class='ocrx_word' id='word_1_56' title='bbox 1378 1172 1379 1223; x_wconf 62' lang='lat'><em>3</em></span> 
     </span>
     <span class='ocr_line' id='line_1_9' title="bbox 368 1222 670 1298; baseline 0 -18"><span class='ocrx_word' id='word_1_57' title='bbox 368 1222 492 1280; x_wconf 89' lang='lat' dir='ltr'>vitatem</span> <span class='ocrx_word' id='word_1_58' title='bbox 516 1222 670 1298; x_wconf 76' lang='lat' dir='ltr'>quaesitis.</span> 
     </span>
    </p>

    <p class='ocr_par' dir='ltr' id='par_1_3' title="bbox 370 1301 1379 1467">
     <span class='ocr_line' id='line_1_10' title="bbox 451 1301 1379 1384; baseline 0.004 -22"><span class='ocrx_word' id='word_1_59' title='bbox 451 1303 544 1381; x_wconf 91' lang='lat' dir='ltr'>Item,</span> <span class='ocrx_word' id='word_1_60' title='bbox 565 1301 604 1364; x_wconf 91' lang='lat' dir='ltr'>de</span> <span class='ocrx_word' id='word_1_61' title='bbox 629 1304 775 1364; x_wconf 89' lang='lat' dir='ltr'>omnibus</span> <span class='ocrx_word' id='word_1_62' title='bbox 795 1303 907 1384; x_wconf 84' lang='lat' dir='ltr'>legatia</span> <span class='ocrx_word' id='word_1_63' title='bbox 928 1303 969 1365; x_wconf 92' lang='lat' dir='ltr'>ad</span> <span class='ocrx_word' id='word_1_64' title='bbox 988 1306 1059 1384; x_wconf 87' lang='lat' dir='ltr'>pios</span> <span class='ocrx_word' id='word_1_65' title='bbox 1082 1325 1156 1366; x_wconf 85' lang='lat' dir='ltr'>usus</span> <span class='ocrx_word' id='word_1_66' title='bbox 1178 1307 1297 1369; x_wconf 82' lang='lat' dir='ltr'>relintis</span> <span class='ocrx_word' id='word_1_67' title='bbox 1378 1334 1379 1381; x_wconf 73' lang='lat'>,</span> 
     </span>
     <span class='ocr_line' id='line_1_11' title="bbox 370 1385 1379 1467; baseline -0.001 -21"><span class='ocrx_word' id='word_1_68' title='bbox 370 1387 555 1464; x_wconf 83' lang='lat' dir='ltr'>nompoeitio</span> <span class='ocrx_word' id='word_1_69' title='bbox 578 1394 609 1446; x_wconf 90' lang='lat' dir='ltr'>et</span> <span class='ocrx_word' id='word_1_70' title='bbox 632 1386 822 1467; x_wconf 78' lang='lat' dir='ltr'>dispensatio</span> <span class='ocrx_word' id='word_1_71' title='bbox 845 1385 911 1448; x_wconf 87' lang='lat' dir='ltr'>fieri</span> <span class='ocrx_word' id='word_1_72' title='bbox 933 1394 1045 1466; x_wconf 87' lang='lat' dir='ltr'>potest.</span> <span class='ocrx_word' id='word_1_73' title='bbox 1378 1424 1379 1445; x_wconf 52' lang='lat' dir='ltr'>i</span> 
     </span>
    </p>

    <p class='ocr_par' dir='ltr' id='par_1_4' title="bbox 371 1469 1379 1616">
     <span class='ocr_line' id='line_1_12' title="bbox 453 1469 1379 1552; baseline 0.004 -24"><span class='ocrx_word' id='word_1_74' title='bbox 453 1469 545 1548; x_wconf 76' lang='lat' dir='ltr'>item,</span> <span class='ocrx_word' id='word_1_75' title='bbox 574 1469 686 1530; x_wconf 88' lang='lat' dir='ltr'>multae</span> <span class='ocrx_word' id='word_1_76' title='bbox 721 1470 802 1531; x_wconf 88' lang='lat' dir='ltr'>aliae</span> <span class='ocrx_word' id='word_1_77' title='bbox 828 1469 991 1531; x_wconf 72' lang='lat' dir='ltr'><strong>facultates</strong></span> <span class='ocrx_word' id='word_1_78' title='bbox 1019 1471 1192 1551; x_wconf 76' lang='lat' dir='ltr'>habetitur,</span> <span class='ocrx_word' id='word_1_79' title='bbox 1215 1491 1297 1552; x_wconf 89' lang='lat' dir='ltr'>quae</span> <span class='ocrx_word' id='word_1_80' title='bbox 1378 1498 1379 1543; x_wconf 81' lang='lat'>3</span> 
     </span>
     <span class='ocr_line' id='line_1_13' title="bbox 371 1551 1379 1616; baseline -0.001 -4"><span class='ocrx_word' id='word_1_81' title='bbox 371 1571 464 1614; x_wconf 85' lang='lat' dir='ltr'>eausa</span> <span class='ocrx_word' id='word_1_82' title='bbox 485 1551 642 1616; x_wconf 88' lang='lat' dir='ltr'>brevitatis</span> <span class='ocrx_word' id='word_1_83' title='bbox 664 1553 854 1615; x_wconf 84' lang='lat' dir='ltr'>omittuntur.</span> <span class='ocrx_word' id='word_1_84' title='bbox 1378 1562 1379 1571; x_wconf 57' lang='lat'>¹</span> 
     </span>
    </p>

    <p class='ocr_par' dir='ltr' id='par_1_5' title="bbox 371 1634 1379 1964">
     <span class='ocr_line' id='line_1_14' title="bbox 453 1634 1379 1715; baseline 0.002 -19"><span class='ocrx_word' id='word_1_85' title='bbox 453 1634 570 1696; x_wconf 90' lang='lat' dir='ltr'>ldoiroo</span> <span class='ocrx_word' id='word_1_86' title='bbox 594 1634 765 1715; x_wconf 80' lang='lat' dir='ltr'>perpendat</span> <span class='ocrx_word' id='word_1_87' title='bbox 783 1635 926 1714; x_wconf 86' lang='lat' dir='ltr'>populus,</span> <span class='ocrx_word' id='word_1_88' title='bbox 949 1635 1031 1715; x_wconf 90' lang='lat' dir='ltr'>qnod</span> <span class='ocrx_word' id='word_1_89' title='bbox 1051 1637 1102 1697; x_wconf 87' lang='lat' dir='ltr'>hia</span> <span class='ocrx_word' id='word_1_90' title='bbox 1121 1643 1170 1697; x_wconf 86' lang='lat' dir='ltr'>eet</span> <span class='ocrx_word' id='word_1_91' title='bbox 1183 1638 1297 1700; x_wconf 85' lang='lat' dir='ltr'>Roma.</span> <span class='ocrx_word' id='word_1_92' title='bbox 1378 1702 1379 1705; x_wconf 8' lang='grc' dir='ltr'><strong>Ἴ</strong></span> 
     </span>
     <span class='ocr_line' id='line_1_15' title="bbox 371 1717 1298 1796; baseline 0.004 -18"><span class='ocrx_word' id='word_1_93' title='bbox 371 1717 433 1780; x_wconf 88' lang='lat' dir='ltr'>Ista</span> <span class='ocrx_word' id='word_1_94' title='bbox 464 1735 545 1778; x_wconf 86' lang='lat' dir='ltr'>nune</span> <span class='ocrx_word' id='word_1_95' title='bbox 578 1725 626 1778; x_wconf 88' lang='lat' dir='ltr'>est</span> <span class='ocrx_word' id='word_1_96' title='bbox 658 1718 791 1778; x_wconf 87' lang='lat' dir='ltr'>eaalesia</span> <span class='ocrx_word' id='word_1_97' title='bbox 819 1720 917 1779; x_wconf 84' lang='lat' dir='ltr'>sanati</span> <span class='ocrx_word' id='word_1_98' title='bbox 953 1719 1052 1796; x_wconf 82' lang='lat' dir='ltr'>Petri,</span> <span class='ocrx_word' id='word_1_99' title='bbox 1081 1727 1114 1780; x_wconf 91' lang='lat' dir='ltr'>et</span> <span class='ocrx_word' id='word_1_100' title='bbox 1143 1720 1298 1782; x_wconf 79' lang='lat' dir='ltr'>eeclesiae</span> 
     </span>
     <span class='ocr_line' id='line_1_16' title="bbox 372 1801 1300 1870; baseline 0.005 -10"><span class='ocrx_word' id='word_1_101' title='bbox 372 1819 455 1860; x_wconf 86' lang='lat' dir='ltr'>nuno</span> <span class='ocrx_word' id='word_1_102' title='bbox 488 1801 659 1870; x_wconf 81' lang='lat' dir='ltr'>visitandae</span> <span class='ocrx_word' id='word_1_103' title='bbox 692 1807 782 1861; x_wconf 91' lang='lat' dir='ltr'>erunt</span> <span class='ocrx_word' id='word_1_104' title='bbox 816 1801 891 1862; x_wconf 86' lang='lat' dir='ltr'>loeo</span> <span class='ocrx_word' id='word_1_105' title='bbox 933 1802 1134 1862; x_wconf 79' lang='lat' dir='ltr'>ecelesiarum</span> <span class='ocrx_word' id='word_1_106' title='bbox 1178 1803 1300 1865; x_wconf 87' lang='lat' dir='ltr'>Romae</span> 
     </span>
     <span class='ocr_line' id='line_1_17' title="bbox 372 1882 1379 1964; baseline 0.003 -22"><span class='ocrx_word' id='word_1_107' title='bbox 372 1882 600 1950; x_wconf 74' lang='lat' dir='ltr'>visitandarum</span> <span class='ocrx_word' id='word_1_108' title='bbox 642 1883 681 1944; x_wconf 88' lang='lat' dir='ltr'>Hi</span> <span class='ocrx_word' id='word_1_109' title='bbox 704 1883 899 1946; x_wconf 72' lang='lat' dir='ltr'>confessores</span> <span class='ocrx_word' id='word_1_110' title='bbox 921 1887 1149 1964; x_wconf 79' lang='lat' dir='ltr'>poenitentiarii</span> <span class='ocrx_word' id='word_1_111' title='bbox 1171 1895 1247 1946; x_wconf 86' lang='lat' dir='ltr'>sunt</span> <span class='ocrx_word' id='word_1_112' title='bbox 1269 1894 1301 1948; x_wconf 90' lang='lat' dir='ltr'>et</span> <span class='ocrx_word' id='word_1_113' title='bbox 1378 1902 1379 1945; x_wconf 76' lang='lat'>1</span> 
     </span>
    </p>
   </div>
   <div class='ocr_carea' id='block_1_3' title="bbox 259 1966 1379 2046">
    <p class='ocr_par' dir='ltr' id='par_1_6' title="bbox 259 1966 1379 2046">
     <span class='ocr_line' id='line_1_18' title="bbox 259 1966 1379 2046; baseline 0.005 -21"><span class='ocrx_word' id='word_1_114' title='bbox 259 1969 261 1972; x_wconf 82' lang='grc'><strong>’</strong></span> <span class='ocrx_word' id='word_1_115' title='bbox 372 1971 503 2046; x_wconf 86' lang='lat' dir='ltr'>possunt</span> <span class='ocrx_word' id='word_1_116' title='bbox 524 1966 603 2026; x_wconf 86' lang='lat' dir='ltr'>siout</span> <span class='ocrx_word' id='word_1_117' title='bbox 622 1967 734 2027; x_wconf 84' lang='lat' dir='ltr'>summi</span> <span class='ocrx_word' id='word_1_118' title='bbox 754 1966 973 2046; x_wconf 86' lang='lat' dir='ltr'>poenitentarii</span> <span class='ocrx_word' id='word_1_119' title='bbox 991 1970 1023 2028; x_wconf 89' lang='lat' dir='ltr'>in</span> <span class='ocrx_word' id='word_1_120' title='bbox 1044 1968 1178 2030; x_wconf 75' lang='lat' dir='ltr'>eeclesia</span> <span class='ocrx_word' id='word_1_121' title='bbox 1197 1972 1299 2030; x_wconf 84' lang='lat' dir='ltr'>saneti</span> <span class='ocrx_word' id='word_1_122' title='bbox 1378 2016 1379 2031; x_wconf 42' lang='lat' dir='ltr'>l</span> 
     </span>
    </p>
   </div>
   <div class='ocr_carea' id='block_1_4' title="bbox 371 2046 1379 2217">
    <p class='ocr_par' dir='ltr' id='par_1_7' title="bbox 371 2046 1379 2217">
     <span class='ocr_line' id='line_1_19' title="bbox 372 2046 1379 2133; baseline 0.003 -24"><span class='ocrx_word' id='word_1_123' title='bbox 372 2049 470 2109; x_wconf 47' lang='lat' dir='ltr'>Petris</span> <span class='ocrx_word' id='word_1_124' title='bbox 505 2048 589 2110; x_wconf 82' lang='lat' dir='ltr'>Deua</span> <span class='ocrx_word' id='word_1_125' title='bbox 613 2055 644 2109; x_wconf 92' lang='lat' dir='ltr'>et</span> <span class='ocrx_word' id='word_1_126' title='bbox 663 2056 786 2110; x_wconf 81' lang='lat' dir='ltr'>sanatus</span> <span class='ocrx_word' id='word_1_127' title='bbox 808 2049 916 2109; x_wconf 85' lang='lat' dir='ltr'>Petrus</span> <span class='ocrx_word' id='word_1_128' title='bbox 937 2059 1052 2111; x_wconf 80' lang='lat' dir='ltr'>vocant</span> <span class='ocrx_word' id='word_1_129' title='bbox 1076 2071 1143 2114; x_wconf 73' lang='lat' dir='ltr'>vos.</span> <span class='ocrx_word' id='word_1_130' title='bbox 1189 2053 1300 2133; x_wconf 72' lang='lat' dir='ltr'>nispe:</span> <span class='ocrx_word' id='word_1_131' title='bbox 1378 2046 1379 2081; x_wconf 74' lang='lat'>³</span> 
     </span>
     <span class='ocr_line' id='line_1_20' title="bbox 371 2131 1298 2217; baseline 0.001 -23"><span class='ocrx_word' id='word_1_132' title='bbox 371 2133 436 2198; x_wconf 90' lang='lat' dir='ltr'>nite</span> <span class='ocrx_word' id='word_1_133' title='bbox 459 2150 533 2212; x_wconf 85' lang='lat' dir='ltr'>ergo</span> <span class='ocrx_word' id='word_1_134' title='bbox 557 2131 596 2192; x_wconf 89' lang='lat' dir='ltr'>ad</span> <span class='ocrx_word' id='word_1_135' title='bbox 619 2139 735 2192; x_wconf 89' lang='lat' dir='ltr'>tantam</span> <span class='ocrx_word' id='word_1_136' title='bbox 757 2133 886 2212; x_wconf 76' lang='lat' dir='ltr'>gretiam</span> <span class='ocrx_word' id='word_1_137' title='bbox 910 2134 1173 2212; x_wconf 78' lang='lat' dir='ltr'>consequendam,</span> <span class='ocrx_word' id='word_1_138' title='bbox 1196 2143 1298 2217; x_wconf 84' lang='lat' dir='ltr'>etpro</span> 
     </span>
    </p>
   </div>
   <div class='ocr_carea' id='block_1_5' title="bbox 287 2215 1301 2280">
    <p class='ocr_par' dir='ltr' id='par_1_8' title="bbox 287 2215 1301 2280">
     <span class='ocr_line' id='line_1_21' title="bbox 287 2215 1301 2280; baseline 0.007 -7"><span class='ocrx_word' id='word_1_139' title='bbox 287 2227 309 2244; x_wconf 75' lang='grc'>·’</span> <span class='ocrx_word' id='word_1_140' title='bbox 373 2215 472 2276; x_wconf 84' lang='lat' dir='ltr'>salute</span> <span class='ocrx_word' id='word_1_141' title='bbox 494 2215 663 2277; x_wconf 86' lang='lat' dir='ltr'>animarum</span> <span class='ocrx_word' id='word_1_142' title='bbox 691 2222 860 2280; x_wconf 80' lang='lat' dir='ltr'>vestrarum</span> <span class='ocrx_word' id='word_1_143' title='bbox 890 2223 921 2276; x_wconf 89' lang='lat' dir='ltr'>at</span> <span class='ocrx_word' id='word_1_144' title='bbox 947 2216 1159 2278; x_wconf 79' lang='lat' dir='ltr'>detunctorum</span> <span class='ocrx_word' id='word_1_145' title='bbox 1181 2228 1301 2280; x_wconf 82' lang='lat' dir='ltr'>vestro·</span> 
     </span>
    </p>
   </div>
   <div class='ocr_carea' id='block_1_6' title="bbox 374 2297 1379 3208">
    <p class='ocr_par' dir='ltr' id='par_1_9' title="bbox 374 2282 1379 2463">
     <span class='ocr_line' id='line_1_22' title="bbox 374 2297 1300 2381; baseline 0.004 -23"><span class='ocrx_word' id='word_1_146' title='bbox 374 2315 451 2360; x_wconf 90' lang='lat' dir='ltr'>rum.</span> <span class='ocrx_word' id='word_1_147' title='bbox 503 2297 606 2360; x_wconf 84' lang='lat' dir='ltr'>Nolite</span> <span class='ocrx_word' id='word_1_148' title='bbox 639 2317 712 2379; x_wconf 84' lang='lat' dir='ltr'>argo</span> <span class='ocrx_word' id='word_1_149' title='bbox 747 2297 879 2360; x_wconf 87' lang='lat' dir='ltr'>tardare.</span> <span class='ocrx_word' id='word_1_150' title='bbox 933 2297 1015 2375; x_wconf 72' lang='lat' dir='ltr'>Quia</span> <span class='ocrx_word' id='word_1_151' title='bbox 1043 2319 1105 2381; x_wconf 90' lang='lat' dir='ltr'>qua</span> <span class='ocrx_word' id='word_1_152' title='bbox 1134 2300 1215 2361; x_wconf 88' lang='lat' dir='ltr'>hora</span> <span class='ocrx_word' id='word_1_153' title='bbox 1236 2321 1300 2363; x_wconf 90' lang='lat' dir='ltr'>non</span> 
     </span>
     <span class='ocr_line' id='line_1_23' title="bbox 374 2380 885 2463; baseline 0 -20"><span class='ocrx_word' id='word_1_154' title='bbox 374 2381 490 2463; x_wconf 85' lang='lat' dir='ltr'>putatia</span> <span class='ocrx_word' id='word_1_155' title='bbox 513 2380 592 2442; x_wconf 85' lang='lat' dir='ltr'>lilius</span> <span class='ocrx_word' id='word_1_156' title='bbox 616 2382 749 2444; x_wconf 87' lang='lat' dir='ltr'>hominia</span> <span class='ocrx_word' id='word_1_157' title='bbox 772 2384 885 2444; x_wconf 88' lang='lat' dir='ltr'>veniet.</span> 
     </span>
    </p>

    <p class='ocr_par' dir='ltr' id='par_1_10' title="bbox 376 2464 1379 3208">
     <span class='ocr_line' id='line_1_24' title="bbox 458 2464 1302 2546; baseline 0.004 -21"><span class='ocrx_word' id='word_1_158' title='bbox 458 2465 551 2542; x_wconf 86' lang='lat' dir='ltr'>Item,</span> <span class='ocrx_word' id='word_1_159' title='bbox 586 2472 843 2542; x_wconf 85' lang='lat' dir='ltr'>murmuratores,</span> <span class='ocrx_word' id='word_1_160' title='bbox 865 2464 1070 2544; x_wconf 77' lang='lat' dir='ltr'>detractores,</span> <span class='ocrx_word' id='word_1_161' title='bbox 1096 2474 1128 2527; x_wconf 91' lang='lat' dir='ltr'>et</span> <span class='ocrx_word' id='word_1_162' title='bbox 1157 2468 1302 2546; x_wconf 90' lang='lat' dir='ltr'>qualiter·</span> 
     </span>
     <span class='ocr_line' id='line_1_25' title="bbox 377 2548 1379 2629; baseline 0.001 -18"><span class='ocrx_word' id='word_1_163' title='bbox 377 2566 498 2627; x_wconf 75' lang='lat' dir='ltr'>cunque</span> <span class='ocrx_word' id='word_1_164' title='bbox 525 2555 557 2609; x_wconf 91' lang='lat' dir='ltr'>et</span> <span class='ocrx_word' id='word_1_165' title='bbox 588 2548 879 2627; x_wconf 74' lang='lat' dir='ltr'>quomodocunque,</span> <span class='ocrx_word' id='word_1_166' title='bbox 906 2548 1022 2609; x_wconf 80' lang='lat' dir='ltr'>directe</span> <span class='ocrx_word' id='word_1_167' title='bbox 1049 2550 1100 2610; x_wconf 83' lang='lat' dir='ltr'>vel</span> <span class='ocrx_word' id='word_1_168' title='bbox 1139 2550 1303 2629; x_wconf 75' lang='lat' dir='ltr'>indirecte,</span> <span class='ocrx_word' id='word_1_169' title='bbox 1378 2619 1379 2624; x_wconf 9' lang='grc' dir='ltr'>η</span> 
     </span>
     <span class='ocr_line' id='line_1_26' title="bbox 376 2626 1303 2713; baseline 0.003 -22"><span class='ocrx_word' id='word_1_170' title='bbox 376 2631 500 2713; x_wconf 72' lang='lat' dir='ltr'>publiea</span> <span class='ocrx_word' id='word_1_171' title='bbox 512 2631 561 2691; x_wconf 88' lang='lat' dir='ltr'>vel</span> <span class='ocrx_word' id='word_1_172' title='bbox 575 2632 705 2710; x_wconf 87' lang='lat' dir='ltr'>oaaulte,</span> <span class='ocrx_word' id='word_1_173' title='bbox 722 2630 897 2693; x_wconf 86' lang='lat' dir='ltr'>huiusmodi</span> <span class='ocrx_word' id='word_1_174' title='bbox 913 2632 1073 2712; x_wconf 81' lang='lat' dir='ltr'>negotium</span> <span class='ocrx_word' id='word_1_175' title='bbox 1084 2626 1303 2712; x_wconf 84' lang='lat' dir='ltr'>impedientes,</span> 
     </span>
     <span class='ocr_line' id='line_1_27' title="bbox 376 2713 1305 2797; baseline -0.001 -19"><span class='ocrx_word' id='word_1_176' title='bbox 376 2717 444 2793; x_wconf 73' lang='lat' dir='ltr'>ipso</span> <span class='ocrx_word' id='word_1_177' title='bbox 473 2714 554 2775; x_wconf 86' lang='lat' dir='ltr'>tanto</span> <span class='ocrx_word' id='word_1_178' title='bbox 585 2721 656 2774; x_wconf 88' lang='lat' dir='ltr'>eunt</span> <span class='ocrx_word' id='word_1_179' title='bbox 677 2734 696 2773; x_wconf 91' lang='lat' dir='ltr'>a</span> <span class='ocrx_word' id='word_1_180' title='bbox 714 2713 913 2775; x_wconf 23' lang='lat' dir='ltr'>,sanctissimo</span> <span class='ocrx_word' id='word_1_181' title='bbox 936 2713 1062 2775; x_wconf 86' lang='lat' dir='ltr'>domino</span> <span class='ocrx_word' id='word_1_182' title='bbox 1084 2723 1195 2777; x_wconf 89' lang='lat' dir='ltr'>nostro</span> <span class='ocrx_word' id='word_1_183' title='bbox 1219 2718 1305 2797; x_wconf 82' lang='lat' dir='ltr'>Papa</span> 
     </span>
     <span class='ocr_line' id='line_1_28' title="bbox 376 2796 1306 2881; baseline 0.003 -24"><span class='ocrx_word' id='word_1_184' title='bbox 376 2798 480 2857; x_wconf 87' lang='lat' dir='ltr'>Leone</span> <span class='ocrx_word' id='word_1_185' title='bbox 501 2796 659 2877; x_wconf 87' lang='lat' dir='ltr'>praedioto</span> <span class='ocrx_word' id='word_1_186' title='bbox 682 2798 956 2877; x_wconf 62' lang='lat' dir='ltr'>excommunioni,</span> <span class='ocrx_word' id='word_1_187' title='bbox 981 2803 1120 2876; x_wconf 86' lang='lat' dir='ltr'>suntque</span> <span class='ocrx_word' id='word_1_188' title='bbox 1147 2799 1181 2858; x_wconf 90' lang='lat' dir='ltr'>in</span> <span class='ocrx_word' id='word_1_189' title='bbox 1200 2800 1306 2881; x_wconf 86' lang='lat' dir='ltr'>indig-</span> 
     </span>
     <span class='ocr_line' id='line_1_29' title="bbox 377 2877 1379 2959; baseline 0.001 -19"><span class='ocrx_word' id='word_1_190' title='bbox 377 2882 504 2941; x_wconf 86' lang='lat' dir='ltr'>natione</span> <span class='ocrx_word' id='word_1_191' title='bbox 527 2877 816 2959; x_wconf 74' lang='lat' dir='ltr'>onrnipotentisllai</span> <span class='ocrx_word' id='word_1_192' title='bbox 838 2888 869 2939; x_wconf 89' lang='lat' dir='ltr'>et</span> <span class='ocrx_word' id='word_1_193' title='bbox 890 2880 1051 2941; x_wconf 89' lang='lat' dir='ltr'>beatomm</span> <span class='ocrx_word' id='word_1_194' title='bbox 1062 2881 1199 2942; x_wconf 68' lang='lat' dir='ltr'>Petri‘et</span> <span class='ocrx_word' id='word_1_195' title='bbox 1216 2883 1305 2943; x_wconf 90' lang='lat' dir='ltr'>Pauli</span> <span class='ocrx_word' id='word_1_196' title='bbox 1378 2925 1379 2932; x_wconf 18' lang='grc' dir='ltr'><strong>κ</strong></span> 
     </span>
     <span class='ocr_line' id='line_1_30' title="bbox 377 2962 1305 3043; baseline 0 -18"><span class='ocrx_word' id='word_1_197' title='bbox 377 2962 605 3043; x_wconf 81' lang='lat' dir='ltr'>apostolorum,</span> <span class='ocrx_word' id='word_1_198' title='bbox 629 2982 730 3042; x_wconf 27' lang='lat' dir='ltr'>atqua</span> <span class='ocrx_word' id='word_1_199' title='bbox 751 2964 1072 3025; x_wconf 79' lang='lat' dir='ltr'>excommunicatione</span> <span class='ocrx_word' id='word_1_200' title='bbox 1092 2964 1218 3026; x_wconf 87' lang='lat' dir='ltr'>absolvi</span> <span class='ocrx_word' id='word_1_201' title='bbox 1242 2985 1305 3027; x_wconf 92' lang='lat' dir='ltr'>non</span> 
     </span>
     <span class='ocr_line' id='line_1_31' title="bbox 378 3046 1320 3128; baseline 0.003 -21"><span class='ocrx_word' id='word_1_202' title='bbox 378 3052 538 3125; x_wconf 86' lang='lat' dir='ltr'>poterunt,</span> <span class='ocrx_word' id='word_1_203' title='bbox 570 3046 627 3105; x_wconf 84' lang='lat' dir='ltr'>nisi</span> <span class='ocrx_word' id='word_1_204' title='bbox 655 3065 674 3105; x_wconf 93' lang='lat' dir='ltr'>a</span> <span class='ocrx_word' id='word_1_205' title='bbox 701 3046 770 3107; x_wconf 83' lang='lat' dir='ltr'>eolo</span> <span class='ocrx_word' id='word_1_206' title='bbox 793 3046 877 3126; x_wconf 90' lang='lat' dir='ltr'>Papa</span> <span class='ocrx_word' id='word_1_207' title='bbox 909 3046 959 3107; x_wconf 87' lang='lat' dir='ltr'>vel</span> <span class='ocrx_word' id='word_1_208' title='bbox 987 3048 1053 3107; x_wconf 85' lang='lat' dir='ltr'>eius</span> <span class='ocrx_word' id='word_1_209' title='bbox 1076 3046 1320 3128; x_wconf 73' lang='lat' dir='ltr'>comminantia,</span> 
     </span>
     <span class='ocr_line' id='line_1_32' title="bbox 378 3128 1063 3208; baseline 0 -19"><span class='ocrx_word' id='word_1_210' title='bbox 378 3128 449 3191; x_wconf 91' lang='lat' dir='ltr'>ideo</span> <span class='ocrx_word' id='word_1_211' title='bbox 472 3134 589 3208; x_wconf 83' lang='lat' dir='ltr'>aavete,</span> <span class='ocrx_word' id='word_1_212' title='bbox 611 3146 651 3189; x_wconf 92' lang='lat' dir='ltr'>ne</span> <span class='ocrx_word' id='word_1_213' title='bbox 673 3130 796 3208; x_wconf 83' lang='lat' dir='ltr'>ponatis</span> <span class='ocrx_word' id='word_1_214' title='bbox 820 3148 856 3189; x_wconf 89' lang='lat' dir='ltr'>os</span> <span class='ocrx_word' id='word_1_215' title='bbox 877 3131 910 3188; x_wconf 93' lang='lat' dir='ltr'>in</span> <span class='ocrx_word' id='word_1_216' title='bbox 931 3129 1063 3189; x_wconf 87' lang='lat' dir='ltr'>eoelum.</span> 
     </span>
    </p>
   </div>
   <div class='ocr_carea' id='block_1_7' title="bbox 652 3257 1027 3327">
    <p class='ocr_par' dir='ltr' id='par_1_11' title="bbox 652 3257 1027 3327">
     <span class='ocr_line' id='line_1_33' title="bbox 652 3257 1027 3327; baseline 0.005 -2"><span class='ocrx_word' id='word_1_217' title='bbox 652 3260 787 3325; x_wconf 80' lang='lat' dir='ltr'>Sermo</span> <span class='ocrx_word' id='word_1_218' title='bbox 811 3257 1027 3327; x_wconf 77' lang='lat' dir='ltr'>Secundus.</span> 
     </span>
    </p>
   </div>
   <div class='ocr_carea' id='block_1_8' title="bbox 380 3369 1313 4047">
    <p class='ocr_par' dir='ltr' id='par_1_12' title="bbox 380 3369 1313 4047">
     <span class='ocr_line' id='line_1_34' title="bbox 462 3369 1310 3462; baseline 0.004 -21"><span class='ocrx_word' id='word_1_219' title='bbox 462 3380 655 3442; x_wconf 86' lang='lat' dir='ltr'>Venerabilis</span> <span class='ocrx_word' id='word_1_220' title='bbox 673 3369 815 3460; x_wconf 77' lang='lat' dir='ltr'>Domine,</span> <span class='ocrx_word' id='word_1_221' title='bbox 837 3401 915 3461; x_wconf 90' lang='lat' dir='ltr'>rogo</span> <span class='ocrx_word' id='word_1_222' title='bbox 938 3388 971 3442; x_wconf 92' lang='lat' dir='ltr'>ut</span> <span class='ocrx_word' id='word_1_223' title='bbox 990 3382 1091 3442; x_wconf 86' lang='lat' dir='ltr'>velitis</span> <span class='ocrx_word' id='word_1_224' title='bbox 1113 3382 1234 3462; x_wconf 91' lang='lat' dir='ltr'>populo</span> <span class='ocrx_word' id='word_1_225' title='bbox 1253 3403 1310 3444; x_wconf 87' lang='lat' dir='ltr'>vo-</span> 
     </span>
     <span class='ocr_line' id='line_1_35' title="bbox 380 3464 1309 3545; baseline -0.003 -17"><span class='ocrx_word' id='word_1_226' title='bbox 380 3464 426 3528; x_wconf 82' lang='lat' dir='ltr'>bis</span> <span class='ocrx_word' id='word_1_227' title='bbox 435 3465 572 3525; x_wconf 89' lang='lat' dir='ltr'>subieoto</span> <span class='ocrx_word' id='word_1_228' title='bbox 584 3466 734 3543; x_wconf 87' lang='lat' dir='ltr'>intimare,</span> <span class='ocrx_word' id='word_1_229' title='bbox 748 3483 788 3525; x_wconf 92' lang='lat' dir='ltr'>ne</span> <span class='ocrx_word' id='word_1_230' title='bbox 799 3471 916 3525; x_wconf 90' lang='lat' dir='ltr'>tantam</span> <span class='ocrx_word' id='word_1_231' title='bbox 928 3465 1068 3545; x_wconf 84' lang='lat' dir='ltr'>gratiam,</span> <span class='ocrx_word' id='word_1_232' title='bbox 1084 3464 1123 3524; x_wconf 80' lang='lat' dir='ltr'>ad</span> <span class='ocrx_word' id='word_1_233' title='bbox 1136 3464 1309 3527; x_wconf 85' lang='lat' dir='ltr'>salvandas</span> 
     </span>
     <span class='ocr_line' id='line_1_36' title="bbox 381 3546 1309 3632; baseline 0.002 -24"><span class='ocrx_word' id='word_1_234' title='bbox 381 3548 499 3609; x_wconf 84' lang='lat' dir='ltr'>animae</span> <span class='ocrx_word' id='word_1_235' title='bbox 520 3566 727 3626; x_wconf 73' lang='lat' dir='ltr'>eoncessam,</span> <span class='ocrx_word' id='word_1_236' title='bbox 759 3548 918 3632; x_wconf 83' lang='lat' dir='ltr'>negligere</span> <span class='ocrx_word' id='word_1_237' title='bbox 948 3548 1030 3609; x_wconf 89' lang='lat' dir='ltr'>velit.</span> <span class='ocrx_word' id='word_1_238' title='bbox 1080 3546 1180 3626; x_wconf 80' lang='lat' dir='ltr'>Sciat,</span> <span class='ocrx_word' id='word_1_239' title='bbox 1221 3548 1309 3627; x_wconf 91' lang='lat' dir='ltr'>quod</span> 
     </span>
     <span class='ocr_line' id='line_1_37' title="bbox 382 3628 1312 3693; baseline 0 -1"><span class='ocrx_word' id='word_1_240' title='bbox 382 3631 512 3693; x_wconf 82' lang='lat' dir='ltr'>Sanetus</span> <span class='ocrx_word' id='word_1_241' title='bbox 542 3628 722 3691; x_wconf 76' lang='lat' dir='ltr'>laurentius</span> <span class='ocrx_word' id='word_1_242' title='bbox 755 3650 863 3691; x_wconf 83' lang='lat' dir='ltr'>omnes</span> <span class='ocrx_word' id='word_1_243' title='bbox 891 3630 1052 3691; x_wconf 85' lang='lat' dir='ltr'>thesauros</span> <span class='ocrx_word' id='word_1_244' title='bbox 1084 3629 1239 3692; x_wconf 78' lang='lat' dir='ltr'>eeclesiae</span> <span class='ocrx_word' id='word_1_245' title='bbox 1278 3639 1312 3692; x_wconf 89' lang='lat' dir='ltr'>et</span> 
     </span>
     <span class='ocr_line' id='line_1_38' title="bbox 383 3712 1311 3794; baseline 0 -20"><span class='ocrx_word' id='word_1_246' title='bbox 383 3733 493 3794; x_wconf 83' lang='lat' dir='ltr'>eorpus</span> <span class='ocrx_word' id='word_1_247' title='bbox 517 3732 605 3773; x_wconf 90' lang='lat' dir='ltr'>suum</span> <span class='ocrx_word' id='word_1_248' title='bbox 627 3714 753 3775; x_wconf 89' lang='lat' dir='ltr'>tradidit</span> <span class='ocrx_word' id='word_1_249' title='bbox 774 3713 813 3773; x_wconf 92' lang='lat' dir='ltr'>ad</span> <span class='ocrx_word' id='word_1_250' title='bbox 834 3712 1010 3790; x_wconf 84' lang='lat' dir='ltr'>assandum,</span> <span class='ocrx_word' id='word_1_251' title='bbox 1033 3719 1157 3773; x_wconf 82' lang='lat' dir='ltr'>sanatus</span> <span class='ocrx_word' id='word_1_252' title='bbox 1174 3712 1311 3774; x_wconf 88' lang='lat' dir='ltr'>Bartho-</span> 
     </span>
     <span class='ocr_line' id='line_1_39' title="bbox 382 3795 1311 3876; baseline 0.001 -19"><span class='ocrx_word' id='word_1_253' title='bbox 382 3798 521 3857; x_wconf 86' lang='lat' dir='ltr'>lomaeus</span> <span class='ocrx_word' id='word_1_254' title='bbox 543 3798 699 3876; x_wconf 84' lang='lat' dir='ltr'>propriam</span> <span class='ocrx_word' id='word_1_255' title='bbox 721 3796 834 3875; x_wconf 84' lang='lat' dir='ltr'>pellem</span> <span class='ocrx_word' id='word_1_256' title='bbox 850 3795 1012 3857; x_wconf 80' lang='lat' dir='ltr'>crudeliter</span> <span class='ocrx_word' id='word_1_257' title='bbox 1028 3795 1207 3874; x_wconf 90' lang='lat' dir='ltr'>moriendo,</span> <span class='ocrx_word' id='word_1_258' title='bbox 1239 3797 1311 3858; x_wconf 81' lang='lat' dir='ltr'>Ste-</span> 
     </span>
     <span class='ocr_line' id='line_1_40' title="bbox 383 3880 1312 3959; baseline 0.001 -21"><span class='ocrx_word' id='word_1_259' title='bbox 383 3880 501 3959; x_wconf 89' lang='lat' dir='ltr'>phanus</span> <span class='ocrx_word' id='word_1_260' title='bbox 523 3880 685 3959; x_wconf 81' lang='lat' dir='ltr'>lapidatus,</span> <span class='ocrx_word' id='word_1_261' title='bbox 708 3898 877 3958; x_wconf 88' lang='lat' dir='ltr'>omnesque</span> <span class='ocrx_word' id='word_1_262' title='bbox 889 3886 1038 3959; x_wconf 82' lang='lat' dir='ltr'>martyres</span> <span class='ocrx_word' id='word_1_263' title='bbox 1051 3880 1133 3941; x_wconf 83' lang='lat' dir='ltr'>eaesi</span> <span class='ocrx_word' id='word_1_264' title='bbox 1146 3885 1179 3938; x_wconf 92' lang='lat' dir='ltr'>et</span> <span class='ocrx_word' id='word_1_265' title='bbox 1191 3882 1312 3941; x_wconf 87' lang='lat' dir='ltr'>mortui</span> 
     </span>
     <span class='ocr_line' id='line_1_41' title="bbox 384 3962 1313 4047; baseline 0.002 -24"><span class='ocrx_word' id='word_1_266' title='bbox 384 3969 454 4030; x_wconf 83' lang='lat' dir='ltr'>sunt</span> <span class='ocrx_word' id='word_1_267' title='bbox 469 3981 530 4043; x_wconf 81' lang='lat' dir='ltr'>pro</span> <span class='ocrx_word' id='word_1_268' title='bbox 553 3962 653 4029; x_wconf 86' lang='lat' dir='ltr'>salute</span> <span class='ocrx_word' id='word_1_269' title='bbox 673 3962 809 4029; x_wconf 68' lang='lat' dir='ltr'>animae.</span> <span class='ocrx_word' id='word_1_270' title='bbox 846 3962 888 4025; x_wconf 79' lang='lat' dir='ltr'>Et</span> <span class='ocrx_word' id='word_1_271' title='bbox 907 3969 940 4023; x_wconf 88' lang='lat' dir='ltr'>tu</span> <span class='ocrx_word' id='word_1_272' title='bbox 959 3982 1025 4047; x_wconf 80' lang='lat' dir='ltr'>non</span> <span class='ocrx_word' id='word_1_273' title='bbox 1037 3962 1313 4043; x_wconf 73' lang='lat' dir='ltr'>viaeognoaeere,</span> 
     </span>
    </p>
   </div>
   <div class='ocr_carea' id='block_1_9' title="bbox 0 0 1565 4750">
    <p class='ocr_par' dir='ltr' id='par_1_13' title="bbox 0 0 1565 4750">
     <span class='ocr_line' id='line_1_42' title="bbox 0 0 1565 4750; baseline 0 0"><span class='ocrx_word' id='word_1_274' title='bbox 0 0 1565 4750; x_wconf 95' lang='lat' dir='ltr'> </span> 
     </span>
    </p>
   </div>
  </div>
 </body>
</html>
