3075 4750
539 499 872 574 summoueret
1132 496 1195 572 suu

271 671 338 731 eius
360 670 395 733 R
418 670 633 754 Augusteum,
654 674 686 735 iu
707 672 811 733 multis
833 672 920 752 loeis,
953 678 985 735 et
1004 688 1098 753 eupru
1118 671 1193 735 sstls

272 753 386 814 dietum
408 760 465 834 est,
486 756 570 835 quod
591 757 656 817 Lex
674 758 779 837 potius
799 757 875 815 irem
898 764 1056 836 operetur,
1085 760 1117 815 et
1137 752 1193 815 sub

272 835 439 897 meledicto
465 846 551 900 terret
577 858 694 901 omnes.
737 838 913 902 seeundum
945 846 1030 920 petet
1050 856 1106 921 per
1126 856 1194 899 eos-

272 919 361 997 dem,
401 921 473 999 quis
505 920 582 983 fldss
604 921 757 986 instillent.
800 922 841 983 llt
861 922 925 982 tex
948 924 1011 1001 (sit
1031 922 1066 983 B.
1090 921 1193 1001 Augu·

270 1001 388 1085 stiuus)
411 1005 542 1085 imperet
562 1006 646 1086 quod
667 1004 744 1066 fides
764 1007 918 1085 impetrat.
960 1005 1013 1069 Sic
1033 1006 1115 1065 enim
1140 1020 1196 1085 per

271 1085 366 1146 iidem
387 1085 525 1149 Christus
544 1088 577 1167 in
597 1089 704 1169 nobis,
736 1090 799 1149 imo
822 1098 915 1148 uuum
937 1108 1004 1149 eum
1028 1088 1117 1151 nobie
1139 1094 1196 1149 est.

273 1171 316 1229 ut
337 1168 475 1230 Christus
501 1179 550 1232 est
579 1173 677 1233 iustus
705 1179 738 1232 et
758 1173 862 1233 omniu
882 1172 1014 1253 implens
1036 1172 1093 1233 Dei
1114 1186 1197 1231 muu-

272 1252 355 1331 duts,
376 1268 471 1332 quere
492 1261 525 1315 et
543 1274 602 1317 uos
622 1257 798 1335 peripsum
819 1256 922 1315 omniu
935 1255 1107 1335 implemus,
1123 1253 1196 1316 dum

271 1343 379 1397 noster
397 1336 495 1397 meuse
517 1344 566 1398 est
584 1357 641 1418 per
660 1337 762 1399 iidem.

675 1472 799 1535 XXVII.

354 1588 469 1669 Reels,
502 1608 580 1671 opus
602 1589 714 1653 Christi
735 1592 888 1653 diceretur
911 1608 1057 1671 operans,
1090 1596 1122 1649 et
1142 1608 1196 1650 uo·

273 1676 370 1731 strum
399 1680 575 1753 operatum,
608 1692 646 1734 so
666 1676 713 1735 sie
733 1680 893 1755 operatum
914 1674 1038 1754 plsoere
1050 1674 1117 1734 Deo
1130 1690 1197 1754 grs-

272 1754 318 1814 tis
339 1757 443 1913 operis
466 1758 632 1837 operantis.

387 1840 446 1917 uis,'
468 1839 541 1900 dum
550 1839 688 1901 Christum
709 1842 741 1901 in
764 1840 854 1904 nobie
875 1840 995 1903 habitet
1015 1858 1071 1920 per
1092 1836 1195 1913 iidem,

275 1925 339 1983 ism
360 1928 466 1983 movet
496 1940 555 1983 noe
587 1923 628 1983 ed
661 1942 758 2005 opere
787 1942 842 2004 per
868 1924 970 1985 vivam
998 1920 1081 1982 illsm
1103 1920 1196 1983 fldem

277 2024 407 2087 operum
429 2011 564 2066 suorum.
594 2005 808 2087 operuerim,
832 2026 911 2087 quse
933 2008 1000 2086 ipse
1020 2006 1103 2078 feeit,
1127 2012 1198 2065 sunt

271 2088 470 2170 impletiones
493 2089 707 2151 mendatorum
728 2090 795 2169 Dei,
818 2089 907 2151 nobis
929 2089 1002 2149 date
1023 2108 1079 2169 per
1094 2086 1197 2165 fidem,

242 2197 246 2201 <
270 2189 440 2252 quaecum
470 2172 639 2252 intuemur,
678 2193 838 2235 movemur
859 2172 897 2233 sd
921 2174 1123 2234 imitationem
1146 2188 1197 2231 eo-

271 2274 348 2316 rum.
381 2253 456 2315 ldso
478 2257 523 2317 sit
543 2256 720 2336 spostolus:
742 2257 915 2317 Imitetores
938 2255 1000 2317 Dei
1023 2260 1135 2330 estote,
1159 2255 1197 2312 ei-

271 2345 326 2399 out
344 2336 400 2398 filii
420 2338 580 2401 osrissimi.
622 2339 725 2416 Qusre
745 2336 977 2401 misericordiae
999 2356 1095 2419 opera
1116 2338 1197 2397 exei-

272 2423 377 2483 t'sntur
398 2422 437 2482 sb
460 2423 605 2502 operibus
626 2427 702 2504 eius,
723 2424 832 2503 quibus
855 2424 988 2484 salvavit
1009 2441 1076 2484 nos.
1114 2419 1199 2482 Siout
1261 2419 1262 2424 ’

271 2507 317 2566 eit
344 2505 379 2565 B.
400 2504 585 2586 Gregorius:
629 2506 736 2569 Omnis
769 2505 880 2567 Christi
911 2507 993 2566 ectio
1023 2512 1070 2565 est
1091 2510 1197 2565 nostre

162 2591 168 2603 “
270 2590 449 2666 isseretio,
481 2590 545 2650 imo
591 2592 768 2653 commotio.
825 2589 914 2668 Sim]
948 2590 1028 2650 aetio
1062 2589 1127 2650 eius
1165 2588 1196 2646 in
1236 2595 1240 2605 ·

269 2672 361 2734 nobis
396 2672 471 2731 vivit
504 2692 560 2751 per
601 2673 713 2752 fidem,
746 2673 946 2733 vehementer
980 2673 1060 2732 enim
1091 2670 1197 2746 allicit,

268 2756 357 2814 iuxta
381 2753 525 2832 illud·):
563 2756 664 2818 Trshs
685 2775 735 2816 me
756 2763 829 2836 poet
851 2763 897 2835 te,
929 2757 960 2816 in
982 2755 1110 2816 odorem
1143 2773 1196 2812 un-

271 2843 458 2918 guentorum
470 2845 590 2900 tuorum
614 2841 775 2918 currimus,
798 2838 828 2900 id
849 2847 905 2919 est,
920 2857 1046 2919 operum
1066 2844 1196 2898 tuorum.

355 3003 454 3065 Amor
476 3005 535 3066 Dei
561 3024 624 3066 non
645 3007 780 3084 invenit,
803 3005 857 3066 sed
880 3011 965 3066 oreet
986 3023 1075 3065 suum
1097 3003 1195 3084 diligi·

271 3085 345 3166 bile,
368 3105 456 3149 umor
476 3087 609 3149 hominis
631 3087 666 3150 flt
686 3108 705 3148 a
727 3107 784 3148 suo
808 3088 959 3169 diligibili.

355 3169 675 3252 Seeundupsrspstet,
697 3173 927 3233 etestomuium
943 3170 1198 3252 philosophorum

271 3258 304 3312 et
315 3252 542 3334 theologorum,
565 3255 800 3333 quieobieotum
815 3261 862 3315 eet
882 3273 977 3315 osnes
998 3255 1121 3332 amoris,
1143 3271 1197 3332 po-

270 3335 376 3398 nendo
387 3337 679 3400 iuxtsAristotelem
690 3357 814 3399 omnem
822 3340 991 3418 potentium
999 3339 1120 3398 enimse
1129 3355 1198 3396 esse

270 3420 427 3500 passivam
434 3426 467 3480 et
479 3422 647 3500 materiam,
665 3428 697 3482 et
705 3421 884 3501 recipiendo
894 3440 997 3502 egere,
1006 3428 1040 3480 ut
1050 3421 1094 3479 sio
1105 3420 1197 3490 etiem

271 3499 592 3584 susmphiloeophism
603 3507 919 3566 testetureontreriem
931 3523 1000 3564 esse
1011 3502 1198 3584 theologiae,

269 3584 344 3646 dum
371 3587 405 3645 in
427 3587 568 3647 omnibus
590 3589 709 3667 quaerit
730 3607 810 3668 quae
831 3605 887 3648 suu
908 3595 993 3664 eunt,
1026 3593 1059 3648 et
1086 3587 1199 3665 seeipit

292 3663 596 3748 otiuebouumquem
608 3671 719 3733 tribuit
744 3670 1199 3752 Pmmsperspstetquieumor

269 3689 331 3811 liei
345 3748 512 3812 inhomine
528 3754 634 3814 vivens
653 3752 753 3834 diligit
772 3761 968 3833 peccatores,
988 3754 1103 3834 melos,
1125 3754 1197 3814 stul-

326 3940 359 4002 1)
380 3939 412 3990 ln
431 3938 495 3993 edit
515 3941 588 3997 ism:
614 3942 653 3994 Si.
754 3927 757 3932 Δ

307 4011 361 4079 ζ’)
384 4009 468 4074 cent.
487 4011 513 4066 1.
660 4026 665 4035 ‘

905 4085 991 4178 26¹⁸·
1052 4173 1064 4180 α
