3075 4750
602 498 707 555 Contra
723 500 802 555 obal.
822 499 904 553 Eccii
1152 492 1215 562 425

292 668 409 734 habere
435 670 639 747 commenda,
667 668 825 748 quomodo
847 664 958 749 prope
965 663 1214 767 desparaaonern
1284 649 1291 671 ¹

296 751 397 831 [quod
419 750 607 832 perfidorum
628 758 693 829 ost)
717 752 815 815 locari
834 751 986 833 possunt?
1039 780 1052 791 ·1

361 834 465 896 mlh
486 835 599 897 Iterum
621 835 686 896 olet
706 854 793 894 auum
817 834 933 895 hircum
945 833 1155 913 Aristotelem,
1165 833 1214 895 vel

295 918 509 980 hircocervum
530 919 634 998 polius
656 918 794 997 nihilque
815 919 873 978 nisi
894 916 1068 1006 probabile,
1098 916 1129 976 id
1150 922 1216 993 est,

296 1001 456 1081 petitionis
476 1002 618 1081 principii
639 1001 746 1062 ιιιιιιιι
800 981 959 1061 Sciebam
969 1002 1029 1061 ista
1058 1001 1162 1061 omnia
1179 1008 1216 1061 et

295 1083 447 1164 legerem,
477 1086 640 1163 sciensque
669 1104 709 1145 ac
735 1084 870 1165 prodens
905 1093 1013 1145 contra·
1044 1103 1083 1143 ea
1115 1084 1216 1163 posui,

294 1171 376 1247 qliae
411 1186 461 1230 nie
487 1187 569 1229 aune
597 1167 690 1228 docet
718 1168 852 1249 optimus
877 1167 1065 1247 Polydorus
1120 1166 1216 1228 Tctirs

296 1261 344 1309 est
370 1249 482 1311 Ecoius
511 1252 634 1330 opinio,
664 1259 695 1311 et
721 1250 801 1310 hano
829 1258 930 1311 tamen
960 1250 1046 1347 velut
1066 1251 1215 1310 cortinam

295 1332 413 1397 Phoebi
433 1333 549 1413 ubique
567 1335 690 1395 statuit.
961 1377 963 1382 -

379 1414 482 1479 Causa
507 1422 596 1477 meac
618 1416 718 1476 huius
735 1416 900 1495 positionis
927 1416 982 1475 luit
1015 1414 1108 1492 haec,
1147 1416 1218 1495 quia

296 1517 366 1559 oum
391 1516 501 1563 omnes
527 1499 671 1561 doctores
702 1500 806 1559 dicant
834 1498 963 1559 candem
992 1516 1061 1559 esse
1082 1512 1217 1577 poenam

296 1583 464 1679 purgatorii
487 1601 556 1643 cum
571 1583 701 1658 inferno,
713 1589 846 1664 excepta
859 1582 1087 1671 desperatione,
1108 1581 1218 1641 horror

296 1671 398 1728 autem
429 1667 469 1728 ait
494 1666 544 1726 vel
578 1685 639 1725 una
670 1684 856 1733 summarum
893 1680 1061 1744 poenarum
1084 1660 1216 1740 interni,

294 1748 405 1809 horror
433 1747 571 1827 denique
595 1749 634 1809 sit
664 1748 715 1809 vel
740 1749 834 1809 frater
863 1748 912 1807 vel
934 1748 1095 1807 similiset
1083 1748 1217 1825 tproxl-

296 1851 364 1893 mus
387 1832 611 1910 desperationi,
638 1838 671 1891 ut
696 1837 784 1912 patet
804 1832 1010 1929 experientia,
1042 1828 1134 1903 Quia
1122 1829 1218 1907 timet

296 1916 405 1994 incipit
426 1913 574 1992 diffidere,
597 1914 771 1975 verosimile
794 1916 892 1973 visum
914 1908 983 1991 est
1010 1875 1219 1997 purgatorium

297 2017 372 2077 prae
393 1998 488 2060 nimio
508 1996 639 2059 horrore
659 2016 757 2078 prope
779 2016 848 2057 esse
871 2003 902 2057 et
922 1958 1009 2057 iuxla
1029 2014 1100 2056 esse
1112 1995 1219 2075 despe-

296 2082 461 2142 rationem
501 2080 568 2141 Neo
588 2080 691 2156 video,
713 2080 786 2159 quid
808 2080 919 2140 hiccins
943 2098 1002 2143 con
1005 2086 1051 2139 tra
1005 2079 1146 2139 thaso
1160 2079 1219 2139 nisi

296 2164 401 2223 inania
434 2159 527 2223 verba
555 2170 670 2223 vomat.
725 2164 795 2224 Non
832 2180 906 2243 ergo
942 2161 1127 2257 perlidorum
1163 2168 1220 2237 est

296 2265 395 2327 prope
416 2245 591 2325 desperare,
612 2246 727 2326 alioqui
748 2248 802 2325 qui
824 2246 1007 2306 tentantur
999 2264 1029 2303 ιι
1042 2244 1103 2304 lide
1116 2252 1147 2304 et
1165 2264 1220 2325 sps

300 2329 358 2397 {de
381 2328 547 2408 quibuaut
534 2328 777 2390 tSeholaeticus
800 2331 874 2389 meri
877 2336 915 2390 to
877 2328 1007 2393 ιιιιιιι
1034 2328 1121 2388 novit
1109 2327 1220 2388 to-be

299 2413 534 2510 liscograplros)
558 2420 663 2473 essent
683 2411 802 2492 perfidi
825 2430 892 2472 cum
917 2411 1221 2472 sibirideanturom·

297 2497 373 2556 nino
395 2494 563 2576 desperati,
586 2435 703 2573 quodp
689 2514 753 2556 oon
777 2506 860 2556 esset
882 2495 964 2556 aliud
987 2513 1078 2574 quam
1110 2494 1219 2573 spiriti·

297 2577 455 2659 cidia(ut
421 2579 521 2641 usic
542 2563 661 2652 dicam)
685 2579 841 2640 facercet
829 2579 983 2639 t.doce1e

601 2705 666 2766 VIl.
692 2686 893 2782 *Obeliscua*
901 2709 913 2784 )
1017 2699 1019 2706 ⁴

360 2824 433 2887 -Ec,
456 2823 554 2886 Priori
575 2841 637 2885 non
661 2823 889 2893 estdissimilis,
913 2823 1146 2905 Lignumerrlm,
1170 2821 1220 2882 ubi

297 2906 452 2981 ceciderit
474 2905 516 2966 ibi
538 2908 604 2987 erit,
627 2906 729 2986 quoad
752 2909 842 2968 merit
830 2915 892 2968 tum
912 2914 946 2968 et
967 2907 1096 2968 demerit
1084 2913 1164 2982 tum,
1190 2911 1222 2966 et

297 2990 361 3050 hoo
380 2990 480 3051 estin
501 2989 676 3053 homnibus
697 3009 797 3086 mors,
820 2990 932 3069 quod
925 3009 955 3050 ιιι
978 2989 1097 3071 angelis
1121 2951 1220 3049 cobus.

379 3072 472 3135 Loth.
489 3073 580 3152 Rogo
603 3080 652 3149 to,
673 3074 713 3134 mi
735 3073 826 3151 Enni,
858 3074 883 3132 si
906 3073 995 3133 deinc
1036 3071 1221 3133 sedveraus

296 3175 347 3215 me
369 3155 458 3216 voles
475 3155 624 3228 scribere
643 3119 764 3216 lantum
788 3156 1004 3252 prudentissi
977 3089 1045 3216 alli
1065 3172 1166 3236 paras,
1189 3161 1222 3214 ut

297 3240 371 3298 satis
394 3239 434 3298 sit
421 3238 510 3300 ιιιιιι
533 3247 579 3298 ter
600 3246 653 3298 aut
668 3242 797 3317 quater
789 3259 819 3299 ιι
836 3257 898 3300 uno
915 3256 1019 3321 opere,
1043 3258 1104 3299 non
1118 3243 1220 3298 autem
1234 3225 1266 3275 ἴ

295 3341 352 3401 per
380 3320 519 3401 singulas
544 3303 639 3382 ferme
669 3323 843 3398 orationes,
876 3331 906 3383 te
926 3322 1087 3384 ridiculum
1109 3319 1221 3396 lacere,

297 3405 404 3463 sicut
396 3424 426 3463 ιι
449 3404 511 3464 hoo
536 3404 619 3465 facis
668 3404 702 3464 ld
731 3412 835 3466 autem
864 3405 1053 3502 praestabis
1082 3403 1107 3462 si
1138 3404 1221 3462 carta

296 3485 360 3546 ιιιιιι
381 3486 546 3546 credideris
568 3505 618 3546 nie
639 3487 755 3570 legisse
776 3488 920 3548 exanrina
941 3488 994 3546 ille
1005 3485 1219 3566 quaestionum

295 3577 329 3629 st
350 3570 547 3665 opinionum,
570 3571 680 3648 quibas
700 3571 812 3631 frustra
832 3576 864 3630 et
885 3588 953 3629 cum
977 3569 1068 3628 larvis
1091 3583 1219 3648 pugnas

295 3652 840 3748 Nolo,inquam·(uts1sscisna)
864 3651 1079 3712 scholasticam
1102 3649 1219 3711 theolo-

294 3755 366 3816 gam
388 3734 510 3813 audire,
540 3735 609 3801 nisi
627 3735 736 3796 fultam
757 3734 983 3805 ecclesiastica,
1007 3742 1038 3794 et
1066 3735 1127 3793 iam
1156 3750 1218 3792 non

293 3818 520 3879 scholasticam.
543 3817 593 3878 An
610 3817 685 3877 nihil
698 3817 782 3877 aliud
795 3819 841 3878 vis
854 3837 903 3880 me
914 3817 1026 3896 facere,
1041 3831 1132 3896 quam
1144 3819 1219 3878 utta

350 4015 383 4079 ⁸)
403 4012 545 4067 Adversus
565 4014 607 4069 17.
628 3996 751 4066 conclus.
777 4009 897 4064 botheri.
937 4061 940 4068 ,
980 3975 982 3984 1
