3075 4750
264 2394 265 2397 Ἴ
362 2341 482 2403 evange

353 490 418 560 290
643 492 802 563 Disputatio
822 492 856 549 u.
874 491 988 547 Iuthssi

355 669 418 743 eet,
440 667 562 724 cenum
587 663 763 743 campanis,
783 665 908 724 cenhrm
928 660 1063 741 pompis,
1084 665 1211 724 centum
1233 679 1281 721 ce·

354 747 496 808 rimoniis
516 745 722 826 praedicetur.
947 784 950 792 ι

438 831 496 906 56)
521 828 673 890 Thesauri
695 828 863 907 ecclesiae,
894 826 978 887 unde
1005 845 1089 906 pape
1109 826 1165 888 det
1184 827 1282 888 indul-

356 914 496 995 gentias,
525 930 628 992 neque
651 913 724 973 satis
746 911 898 972 nominati
920 915 1005 989 sunt,
1037 927 1140 989 neque
1163 911 1284 992 cogniti

356 994 439 1077 apud
461 994 611 1076 populum
635 994 758 1056 Christi.

437 1075 497 1160 57)
520 1077 721 1158 Temporales
755 1082 839 1137 certe
868 1095 933 1138 non
955 1093 1025 1136 csse
1051 1080 1156 1155 petet,
1196 1077 1285 1156 qnod

357 1177 420 1222 non
458 1167 520 1220 tem
549 1161 643 1224 facile
671 1179 726 1222 eos
747 1157 952 1240 profundunt,
985 1157 1040 1218 sed
1064 1159 1284 1221 tantummodo

357 1243 508 1323 colligunt
529 1245 616 1306 multi
639 1245 903 1304 concionatorum.
1272 1279 1278 1288 ·

349 1349 354 1370 ¹
442 1327 501 1404 68)
524 1326 591 1388 Nec
611 1333 683 1386 sunt
703 1327 812 1386 merita
828 1325 941 1386 Christi
955 1330 1189 1404 etsenctorum‚
1213 1327 1286 1406 quie

358 1411 436 1470 haec
465 1428 587 1491 semper
616 1410 682 1470 sine
703 1429 787 1490 papa
807 1414 974 1488 operantur
994 1408 1124 1487 gratiam
1145 1408 1285 1470 hominis

357 1493 528 1573 interioris,
561 1499 592 1554 et
621 1511 760 1571 crucem,
797 1497 945 1571 mortam,
982 1490 1200 1571 infernumque
1233 1511 1284 1552 ex·
1364 1513 1369 1526 ·

360 1577 490 1638 terioris.
717 1627 721 1641 .
1006 1613 1009 1617 -
1125 1584 1134 1605 '

441 1662 500 1737 69)
530 1658 704 1720 Thesauros
740 1657 893 1719 eeclesiae
924 1656 956 1718 S.
988 1656 1171 1718 laurentius
1207 1658 1286 1718 dixit

359 1760 429 1804 esse
451 1759 605 1822 pauperes
628 1742 788 1820 ecclesiae,
810 1740 867 1800 sed
891 1740 1012 1801 locutus
1042 1746 1090 1801 est
1111 1759 1171 1801 usu
1193 1761 1284 1803 voce·

358 1825 421 1886 buli
443 1843 501 1885 suo
521 1830 671 1904 tempore.

444 1909 502 1984 60)
527 1907 601 1968 Sine
623 1907 795 1982 temeritate
817 1905 963 1984 dicimus,
992 1906 1096 1967 claves
1119 1908 1284 1989 ecclesiae,

361 1991 474 2053 merito
496 1989 608 2050 Christi
631 1989 778 2068 donuae,
801 2007 870 2049 esee
891 1989 1069 2049 thesaurum
1089 1990 1195 2053 istum.

372 2103 378 2112 ·
446 2076 504 2148 61)
529 2072 652 2133 Clarum
682 2079 730 2133 est
758 2073 856 2150 enim,
888 2071 972 2152 quod
999 2071 1041 2132 ed
1066 2075 1284 2136 remissionem

360 2174 532 2237 poenarum
554 2161 586 2215 et
606 2175 733 2216 casuum
755 2154 824 2215 sola
845 2153 957 2215 suffloit
980 2161 1120 2235 potestas
1141 2176 1257 2238 papae.
1375 2184 1376 2187 ¹

444 2237 502 2383 62?
527 2238 628 2383 Verris
646 2239 810 2383 thessprns
825 2238 978 2383 plccleppae
989 2244 1039 2298 est
1048 2248 1281 2303 sacrosanctum
1375 2276 1376 2287 κ

494 2341 558 2385 tum
613 2341 739 2384 oriaec
854 2339 893 2383 ae
943 2341 982 2383 er.

412 2432 414 2439 ·
444 2409 502 2485 63)
527 2341 716 2467 Hicgeutem
744 2339 930 2467 miramonte
950 2405 1181 2487 odiosissimus,
1212 2411 1285 2488 quis

362 2510 402 2551 ex
422 2491 529 2571 primis
550 2490 624 2550 facit
644 2489 840 2551 novissimos.
1330 2560 1334 2566 ⁵

444 2575 504 2652 64)
525 2572 698 2633 Thesaurus
731 2578 834 2632 autem
860 2543 1130 2652 hnutgensiuum
1171 2574 1284 2635 merito

363 2664 410 2718 est
432 2658 640 2737 gratissimus,
663 2656 733 2735 quia
755 2674 795 2715 ex
816 2656 993 2715 novissimis
1014 2654 1089 2715 tecit
1110 2656 1241 2734 primos.

446 2742 503 2817 65)
527 2740 623 2820 Igitur
644 2738 779 2799 thesauri
802 2737 975 2818 evangelici
995 2739 1074 2799 retis
1095 2745 1181 2818 sunt,
1219 2742 1282 2819 qui-

364 2823 421 2883 bus
444 2822 518 2883 oiim
539 2822 737 2901 pisoebentur
757 2822 841 2882 viros
860 2820 1046 2882 divitiarum.

445 2908 504 2980 66)
526 2904 674 2965 Thesauri
695 2903 954 2984 indulgentiarum
975 2905 1053 2964 retia
1068 2911 1149 2985 sunt,
1172 2905 1285 2985 quibus

363 3006 444 3049 nunc
465 2989 621 3067 piscantur
642 2986 764 3047 divitias
787 2988 932 3051 virorum.

446 3070 503 3152 67)
526 3070 755 3151 Indulgentiae,
793 3088 871 3149 quas
902 3070 1141 3132 concionatores
1168 3072 1286 3132 vocite-

363 3158 469 3213 rantur
489 3155 640 3214 maximas
652 3154 777 3233 gratias,
799 3151 1011 3234 intelliguntur
1030 3172 1103 3215 vere
1115 3153 1197 3214 tales
1212 3173 1285 3233 quc

364 3235 586 3316 adquaestum
608 3236 863 3317 promovendum.
968 3281 970 3284 -
1066 3271 1069 3276 ·

382 3340 384 3347 ’
446 3319 506 3401 68)
530 3320 607 3391 Sunt
632 3326 735 3381 temen
763 3336 873 3381 revers
899 3320 1068 3396 minime1)
1091 3319 1132 3381 ed
1153 3322 1286 3401 gratiam

174 3426 179 3433 ·
252 3436 256 3445 ·
367 3403 428 3464 Dei
450 3410 482 3463 ct
503 3404 600 3463 culcis
622 3403 769 3482 pietatem
792 3408 999 3483 comparatae.

448 3488 505 3564 66)
529 3486 686 3547 Tenentur
707 3487 847 3566 episcopi
869 3491 902 3546 et
920 3485 1018 3546 curati
1038 3486 1202 3547 veniarum
1213 3506 1285 3567 apo-

365 3570 540 3631 stolicerum
569 3570 798 3630 commissarios
824 3588 894 3629 cum
925 3569 1009 3629 omni
1035 3570 1216 3630 reverentie
1236 3571 1287 3631 ad·

367 3654 506 3818 mimz.)
531 3734 593 3797 sed
614 3736 712 3815 magis
736 3737 880 3797 tenentur
901 3734 1042 3796 omnibus
1069 3735 1167 3797 oculis
1189 3739 1287 3799 inteu-

297 4034 299 4037 -
402 3999 434 4065 1)
455 3998 536 4069 Apud
560 4016 587 4056 v.
606 3999 633 4056 6.
645 3998 747 4053 Herdt:
767 4001 908 4055 minimae.

693 4094 708 4125 e
895 4085 898 4090 .
