3075 4750
594 505 620 546 s.
641 489 711 558 leto
725 487 829 551 munt
1148 484 1193 559 di

272 661 310 724 de
332 661 475 742 Christo,
496 661 614 744 galline
634 666 759 740 nostre,
783 659 914 724 efficitur
940 659 1016 735 milri
1037 669 1195 739 errasset

273 747 385 808 fulsum
408 747 533 810 dicum.
546 744 583 824 *)
629 744 704 808 Vult
723 744 874 808 Dominus
903 743 1121 826 esse..golliue.
1140 765 1193 808 uo-

272 838 335 892 stre
355 830 397 890 ed
418 831 564 908 sulutem,
587 828 642 890 sed
664 847 721 891 uos
743 827 895 890 uolumus.
938 827 1007 897 Hoc
1028 833 1076 891 est
1101 829 1193 906 euim,

271 913 354 993 quod
378 913 452 992 dixi,
475 911 559 992 quod
582 931 648 974 nos
662 911 776 972 nostris
797 912 918 974 iustitiis
940 911 1195 992 prorsussulvsri

272 1016 336 1058 uon
359 1015 539 1076 possumus,
562 993 617 1056 sed
638 993 694 1056 sub
717 993 783 1056 elas
804 993 1194 1089 huiusgellinuepostree

271 1075 838 1242 lltfizdtmltmlldtd
859 1077 1193 1236 lltiltdtdi

271 1245 311 1308 m
355 1247 471 1308 orietur
512 1244 601 1320 vobis
634 1242 812 1313 timentibus
854 1262 968 1306 nomen
1003 1265 1106 1308 meum
1138 1244 1194 1322 Sel

271 1329 427 1408 iustitiae,
458 1335 491 1392 et
510 1326 594 1390 sulus
628 1328 665 1388 in
685 1325 796 1406 pennis
829 1327 904 1389 eius.
947 1327 1115 1391 EtPsuluu
1136 1331 1192 1396 90:

272 1411 415 1494 scopulis
438 1411 507 1488 suis
522 1408 811 1492 obumbrabittiiii,
843 1417 875 1470 et
907 1409 963 1473 sub
995 1413 1105 1491 pennis
1127 1412 1193 1480 eius

272 1495 431 1576 sperabis,
451 1502 489 1555 et
507 1493 619 1557 Pselm.
644 1495 704 1575 625.
739 1489 782 1555 Et
807 1492 847 1555 iu
867 1493 1043 1569 velamento
1076 1493 1219 1569 oletum·

272 1586 394 1641 murum
405 1575 547 1658 sperabo,
570 1596 619 1639 me
631 1575 766 1656 suscepit
775 1574 906 1641 dextere
916 1595 994 1644 mee.
1037 1570 1194 1658 Alioquin,

272 1663 323 1741 qui
339 1680 473 1724 sessurus
494 1657 610 1723 incedit
629 1660 661 1720 iu
674 1659 792 1720 iustitie
811 1678 882 1736 sue,
904 1659 1025 1740 rapient
1038 1679 1109 1740 eum
1130 1657 1194 1721 rul-

274 1751 368 1822 tures,
392 1743 595 1811 crudelissimi
612 1741 792 1806 daemones.
835 1741 1030 1805 Ecceuutem
1048 1742 1196 1823 expendit
1232 1814 1235 1820 ¹

272 1829 425 1891 Dominus
445 1832 551 1892 uester
563 1825 629 1886 eles
647 1843 718 1898 suas
739 1825 891 1903 inemec,
915 1832 1026 1901 utnos
1039 1826 1193 1906 suscipiet,

272 1929 358 1972 nuuc
380 1929 454 1970 vero
477 1929 539 1971 non
562 1913 681 1986 toptum
706 1905 745 1968 eb
768 1908 814 1969 eis
832 1907 893 1971 elis
915 1907 1064 1978 recedunt
1083 1910 1116 1984 in
1138 1928 1195 1970 sue

271 1992 400 2074 proprie
427 1992 511 2065 boue
532 2011 643 2072 opere,
673 1991 798 2070 iusuper
818 1989 928 2053 uolunt
955 1991 1065 2055 audire
1083 2011 1193 2060 uocem

271 2076 415 2139 vocantis
437 2075 581 2155 gellinee.
623 2071 754 2150 Nolunt,
790 2073 933 2153 inquom,
966 2075 1094 2152 audire‚.
1109 2073 1193 2155 quod

271 2159 408 2220 iustitiae
430 2177 537 2220 eorum
557 2162 692 2238 peccate
718 2157 794 2233 sint,
822 2175 901 2236 ques
923 2158 1039 2238 galline
1071 2164 1192 2240 egeant,

271 2245 337 2304 imo
358 2241 445 2322 quod
467 2242 552 2322 psius
576 2247 638 2318 est,
672 2239 752 2300 versi
784 2240 816 2301 in
851 2239 985 2302 vultures
1011 2243 1103 2314 etiem
1133 2242 1193 2322 ipsi

272 2326 350 2388 ulios
374 2345 394 2385 e·
414 2323 531 2406 gellius
551 2341 667 2404 repere!
675 2322 831 2401 nituntur,
852 2330 883 2383 et
903 2331 1126 2405 persequuntur
1147 2344 1192 2385 re-

273 2409 388 2489 liquos
402 2408 520 2488 pullos,
554 2409 604 2487 qui
641 2407 672 2467 in
702 2405 913 2468 misericordia
933 2407 1021 2467 huius
1056 2407 1193 2487 gallinae

273 2500 401 2572 sperent
422 2492 549 2569 selveri,
587 2496 620 2550 ut
650 2488 822 2565 obstructos
844 2508 864 2547 e
884 2487 998 2552 fiducie
1018 2490 1130 2551 Christi
1162 2495 1194 2549 et

272 2574 442 2655 improprio
462 2574 594 2635 iustitiae
610 2571 753 2635 fiduciam
773 2570 1023 2636 indutosoertius
1035 2572 1214 2657 devorent,
1319 2612 1329 2627 .

272 2658 320 2719 lte
340 2656 385 2733 fit,
408 2663 442 2717 ut
462 2658 593 2737 gretiam
606 2656 740 2717 mexinre
753 2655 949 2735 impugnent,
971 2656 1024 2735 qui
1039 2675 1110 2717 eum
1130 2675 1193 2716 me·

270 2742 355 2803 xime
376 2742 509 2801 iactent:
531 2740 610 2801 sicut
620 2736 726 2799 Iudaei
742 2745 814 2797 tuno
823 2740 949 2818 pronius
970 2740 1194 2819 iustitiemper·

272 2824 371 2885 secuti
394 2829 480 2901 sunt,
496 2821 627 2903 ¹quondo
640 2826 767 2901 propter
786 2821 932 2884 iustitium
948 2823 1102 2902 persecuti
1124 2828 1195 2883 suut

150 2906 153 2917 '
272 2908 436 2981 iustitiam,
458 2905 488 2967 id
511 2905 630 2968 scilicet
649 2904 796 2965 iustitiam
818 2911 1004 2981 statuentes,
1031 2904 1114 2985 quod
1135 2904 1194 2981 sipi

272 2990 402 3069 placuit:
425 2990 469 3049 ite
490 2988 540 3055 isti
555 2987 762 3067 ‚hoogrutiem
776 2994 905 3065 vocent,
926 2987 1011 3066 quod
1030 2990 1089 3069 ipsi
1111 3007 1193 3049 som-

271 3073 367 3133 nient.
419 3070 480 3133 Sed
509 3077 588 3133 stete
604 3132 607 3148 ,
623 3068 766 3147 tirmiter,
798 3089 898 3149 neque
926 3079 1086 3141 moventur
1113 3071 1193 3134 ullus

272 3152 580 3233 contradictionibus,
602 3154 646 3213 sic
657 3152 739 3231 enim
757 3158 880 3232 oportet
890 3150 967 3228 fleri.
1009 3154 1193 3235 Prophetes,

272 3242 446 3319 sepientes,
469 3237 603 3314 scribae,
626 3235 698 3298 dum
720 3236 880 3303 mittuntur·
901 3235 1078 3315 udiostos,
1106 3256 1193 3311 seno·

270 3328 330 3399 tos,
352 3321 440 3400 pios,
460 3339 523 3381 nou
546 3317 731 3399 recipiuntur
752 3318 792 3378 eb
811 3318 905 3400 ipsis,
925 3319 982 3390 sed
1005 3320 1193 3398 occiduntur,

270 3405 459 3484 recipiuntur
480 3412 584 3464 eutem
613 3400 651 3463 eb
679 3402 800 3463 iniustis
828 3408 861 3461 et
879 3404 1111 3481 peecatoribus,¹
1140 3424 1193 3483 pu-

269 3487 402 3547 blicanis
425 3492 457 3547 et
477 3484 687 3553 meretricibus
694 3513 709 3563 ,v
725 3486 871 3564 quoniam
892 3484 923 3545 hi
945 3488 1072 3567 cupiunt
1089 3486 1194 3550 doceri

269 3578 301 3631 et
321 3575 395 3631 suut
415 3569 528 3647 ieiuni,
549 3566 594 3629 illi
615 3586 689 3630 vero
711 3568 807 3629 saturi
830 3574 863 3629 et
881 3567 964 3630 docti
987 3570 1088 3630 nimis.
1134 3630 1138 3641 ,

561 3673 752 3735 Doctrina
773 3674 903 3751 primu.

354 3782 432 3844 Cum
454 3780 664 3843 Deus'omnes
681 3779 822 3839 homines
836 3780 910 3840 velit
933 3780 1062 3858 salvari,
1085 3786 1116 3840 et
1129 3780 1193 3841 uul-

809 3861 813 3875 ¹
1087 3867 1090 3872 ’
1148 3868 1156 3889 Ι

323 3919 355 3984 Ἷ
379 3918 496 3977 Videtur
513 3918 636 3977 indicere
657 3918 836 3979 vexationes,
855 3931 925 3983 quus
945 3922 1009 3970 sote
1021 3919 1194 3975 reformetis-

266 4008 332 4048 nem
352 3990 529 4063 proedieptpe
549 3990 672 4055 veritatis
692 4002 778 4065 ceusu
795 3990 832 4043 sit
849 4003 1008 4063 peppmsus.
1093 4051 1097 4061 Ι
