3075 4750
359 469 423 538 ‘284
495 467 1115 545 anuumque-ommonem.

361 584 418 706 snb
445 643 481 706 Τ.
508 643 784 706 reverendissimae
812 643 1009 704 Paternitatis
1033 647 1161 708 nomine
1190 642 1283 722 edila,
1375 696 1376 713 .

361 727 472 790 dicitur
499 729 622 807 (utique
643 729 711 788 sine
730 727 766 794 T.
786 727 820 789 P.
843 726 1116 789 reverendissimae
1138 736 1172 788 et
1186 728 1283 787 scien·
1375 774 1376 787 .

362 812 406 872 tia
426 817 457 872 et
479 813 657 888 consensu)
680 830 775 871 unam
793 809 1006 890 prinmpalium
1027 813 1194 892 gratiarum
1216 829 1284 870 esse

362 893 477 954 donum
507 893 581 954 illud
608 893 667 954 Dei
694 892 937 970 inaestimabile,
970 911 1032 972 quo
1068 893 1285 956 reconcilietur
1375 886 1376 965 ᾗ

364 975 550 1054 bomoDeo,
572 983 604 1036 et
625 995 733 1036 omnes
744 993 867 1056 poenae
878 975 1076 1051 deleantur¹)
1103 978 1285 1058 purgatorii.
1375 968 1376 1025 l

359 1057 449 1138 ltem,
470 1057 554 1138 quod
575 1078 638 1120 non
660 1061 700 1120 sit
721 1059 899 1119 necessaria
919 1061 1063 1121 contritio
1085 1060 1200 1140 his2),
1235 1060 1285 1139 qui
1375 1078 1376 1137 j

361 1142 480 1201 animas
501 1141 552 1202 vel
573 1142 815 1204 confessionalis
834 1141 997 1204 redimunt.

442 1223 505 1286 Sed
526 1223 599 1304 quid
619 1225 731 1284 faciam
752 1225 870 1304 optime
883 1224 1009 1285 Praesul
1030 1231 1062 1286 et
1077 1225 1285 1285 illustrissime

360 1305 520 1388 Princeps,
548 1308 607 1367 nisi
633 1305 717 1386 qnod
737 1327 794 1387 per
814 1307 980 1368 Dominum
1000 1308 1106 1368 Jesum
1129 1306 1284 1368 Christum

361 1387 396 1451 T.
424 1389 711 1450 reverendissimam
745 1390 965 1450 Paternitatem
994 1410 1097 1467 orem,
1133 1398 1285 1469 qnatenus

364 1472 486 1534 oculum
500 1479 649 1553 paternae
660 1492 751 1532 curae
766 1472 909 1552 dignetur
921 1473 1142 1551 admittere2),
1165 1479 1198 1533 et
1215 1493 1285 1534 eun-

364 1553 435 1615 dem
457 1555 594 1616 libellum
614 1557 738 1635 penitus
758 1555 879 1635 tollere,
901 1563 934 1616 et
952 1555 1218 1636 praedicatoribus
1237 1575 1285 1616 ve

366 1639 486 1698 uiarum
523 1640 684 1719 imponere
715 1638 807 1698 aliam
841 1638 1041 1718 praedicandi
1067 1640 1214 1717 formam,
1248 1658 1286 1698 ne

370 1719 450 1782 forte
473 1720 582 1800 aliquis
604 1721 729 1781 tandem
751 1729 913 1802 exsurgat,
934 1723 987 1800 qni
1008 1721 1098 1782 editis
1118 1721 1236 1782 libellis
1257 1728 1287 1782 et

360 1801 432 1863 illos
456 1811 488 1864 et
508 1802 645 1864 libellum
666 1804 752 1865 illum
773 1804 929 1882 confutet,
950 1803 991 1865 ad
1002 1805 1184 1884 vituperium
1208 1824 1285 1864 sum-

362 1905 445 1945 mum
473 1884 698 1947 illustrissimae
720 1892 793 1946 tuae
814 1885 1026 1966 sublimitatis,
1047 1886 1130 1966 quod
1152 1906 1214 1968 ego
1237 1907 1285 1948 ve

362 1967 524 2028 hementer
545 1967 670 2048 quidem
691 1967 758 2030 fieri
779 1968 949 2048 abborreo,
976 1976 1008 2030 et
1027 1976 1130 2031 tamen
1152 1969 1285 2031 buturum

365 2050 471 2123 timeo,
493 2051 551 2110 nisi
573 2052 635 2112 cito
660 2059 861 2112 succurratur.
1293 2116 1297 2120 Α

335 2131 336 2136 ’
446 2132 534 2194 Haec
554 2154 643 2195 meae
666 2135 825 2219 parvitatis
846 2132 951 2195 fidelia
972 2133 1089 2212 officia,
1116 2154 1215 2216 rogo,
1237 2143 1287 2195 tua
1375 2140 1376 2145 ’

361 2215 570 2278 illustrissima
590 2217 689 2297 gratie
711 2217 854 2296 dignetur
874 2219 1015 2298 accipere
1040 2216 1184 2294 animo⁴)
1208 2219 1287 2298 prin·

361 2297 454 2380 cipali
481 2304 512 2359 et
534 2299 716 2381 episcopali,
738 2299 770 2359 id
784 2306 841 2374 est,
864 2299 1113 2380 clementissimo,
1135 2301 1217 2379 mont
1228 2319 1286 2383 ego

362 2400 400 2444 ea
430 2380 562 2444 exhibeo
597 2381 691 2463 eorde
712 2382 907 2461 fidelissimo,
934 2390 966 2444 et
986 2384 1020 2445 T.
1042 2385 1076 2445 P.
1097 2384 1286 2445 reverendis·

363 2465 467 2525 simae
496 2463 702 2544 deditissimo,
730 2464 855 2544 quando
884 2470 916 2526 et
942 2486 1002 2547 ego
1028 2486 1100 2545 pars
1128 2468 1222 2529 ovilis
1244 2468 1286 2527 tui

362 2550 482 2625 sumi)
538 2548 689 2609 Dominus
721 2546 809 2611 Iesus
842 2549 996 2609 custodiat
1020 2549 1057 2611 T.
1095 2550 1285 2611 reverendis-

362 2631 474 2691 simam
496 2630 715 2692 Paternitatem
737 2632 769 2691 in
783 2628 959 2711 aeternum,
981 2634 1091 2695 Amen.

444 2711 493 2772 Ex
508 2713 748 2795 Vuittemberga,
764 2714 798 2774 in
815 2714 922 2794 vigilia
938 2716 1073 2775 omnium
1092 2714 1287 2794 Sanctorum,

360 2793 453 2855 Anno
475 2796 515 2856 M.
537 2796 574 2859 D.
601 2796 709 2861 xvss:

445 2876 479 2940 Si
509 2878 545 2941 T.
574 2877 849 2941 reverendissimae
878 2877 911 2941 P.
936 2868 1060 2960 placet,
1086 2880 1203 2959 poterit
1229 2880 1286 2941 bas

363 2978 447 3022 meas
475 2959 706 3043 Disputationes
717 2960 752 3045 ⁸)
776 2959 910 3041 videre,
939 2968 973 3022 ut
999 2961 1165 3043 intelligat,
1193 2981 1286 3042 quam

362 3041 456 3103 dubia
484 3063 534 3104 res
568 3046 607 3105 sit
632 3044 890 3125 indulgentie-rum
914 3046 1036 3125 opinio,
1071 3063 1163 3124 quem
1185 3045 1231 3106 illi
1254 3052 1289 3106 ut

360 3126 560 3187 certissimam
583 3126 785 3201 seminaret)
945 3132 949 3138 '

444 3242 480 3305 T.
501 3242 777 3314 reverendissimae
797 3244 830 3304 P.

711 3372 718 3383 '
779 3360 813 3421 F.
834 3359 981 3421 Martinus
1000 3358 1208 3440 Lntherusff),

416 3608 445 3675 t)
467 3608 501 3662 de
521 3610 576 3663 W.:
598 3608 732 3663 delentur.
769 3610 802 3677 2)
824 3610 860 3663 de
878 3610 935 3663 W.:
954 3612 997 3664 iis.
1026 3610 1057 3677 3)
1072 3610 1105 3665 de
1116 3612 1173 3667 W.:
1189 3613 1288 3668 adver-

361 3683 427 3733 tere.
466 3680 497 3748 4)
519 3680 610 3737 deW.:
631 3682 725 3736 modo.
763 3682 794 3744 5)
814 3682 849 3736 de
866 3682 923 3734 W.:
943 3698 1004 3735 sum
1023 3684 1097 3735 enim
1111 3688 1139 3737 et
1149 3700 1205 3753 ego
1220 3702 1287 3753 para

362 3750 443 3803 ovilis
464 3754 512 3804 tui.
537 3752 565 3809 dt
587 3752 620 3806 de
630 3754 687 3807 W.:
707 3755 854 3807 somniant.
889 3752 921 3821 7)
935 3752 969 3805 de
980 3754 1038 3807 W.:
1058 3754 1192 3824 Indignus
1202 3757 1286 3811 filius.

362 3818 494 3875 Martinus
525 3822 638 3892 Luther,
676 3824 823 3895 Augustin.
853 3822 958 3878 Doctor
983 3824 1011 3879 S.
1035 3825 1131 3879 Theoi.
1159 3834 1288 3883 vocatus.

375 3961 381 3973 .
418 3892 449 3959 ⁴)
471 3892 580 3948 Scilicet
600 3894 634 3950 de
654 3898 825 3964 poenitentia
844 3899 871 3949 et
888 3895 1077 3966 indulgentiis,
1097 3913 1218 3966 quarum
1237 3903 1289 3955 ini-

361 3964 432 4013 tium
452 3968 510 4017 est:
530 3964 666 4021 Dominus
686 3972 714 4020 et
731 3967 863 4037 Magister
881 3972 978 4021 noster
994 3968 1076 4023 team
1095 3969 1231 4026 Christus.
