3075 4750
596 458 631 512 da
648 459 838 529 indulgentiis.
1112 456 1175 525 269

252 627 407 690 Rasilim
427 628 577 708 Principis
597 628 809 707 apostolorum
826 590 1083 708 compositionem
1106 634 1175 708 gas-

252 713 301 789 sit,
322 713 490 773 autoritate
508 712 692 790 apostolica,
714 730 776 789 qua
797 711 951 792 fungimur
963 714 993 773 iu
1009 710 1174 791 hacparts,

252 793 292 855 ab
314 794 412 855 caede
432 793 558 856 fortuita
580 793 818 855 misericorditer
844 794 1046 873 absolvimus,
1076 794 1174 855 illum·

253 895 313 956 que
342 875 452 937 mern
480 878 643 942 autoritate
671 896 728 955 per
754 896 813 937 nos
842 890 873 937 a'
889 876 972 938 dicto
1005 877 1173 939 homicidio

253 959 390 1021 totaliter
410 957 585 1021 absolutum
608 953 693 1038 e'sse,
717 978 781 1038 per
801 967 979 1040 praesentes
1000 960 1175 1041 promulga-
1270 975 1272 981 ’

252 1061 320 1101 mus
341 1043 457 1120 literas,
480 1041 662 1103 mandantes
683 1041 825 1103 omnibus
847 1051 878 1104 st
894 1044 1023 1123 singulis
1039 1051 1101 1103 tam
1115 1042 1174 1103 cle-

252 1126 325 1187 ricis
346 1144 439 1203 quarn
459 1124 547 1186 laicis
570 1124 627 1186 sub
648 1126 825 1205 sententiis,
855 1127 991 1187 censuris
1013 1132 1045 1185 et
1065 1126 1175 1206 poenis

251 1209 283 1269 iu
313 1207 410 1269 literis
436 1207 616 1269 facultatum
645 1215 818 1269 assuerum
841 1209 1079 1289 apostolicarum
1103 1228 1175 1270 con·

253 1293 365 1368 tentis,
391 1297 425 1351 ut
450 1290 608 1351 Matthiam
635 1290 784 1353 Mensem
812 1291 902 1351 huius
925 1290 1028 1353 caedis
1050 1292 1175 1353 minime

251 1375 392 1454 gentm
415 1374 575 1452 quisquam
604 1380 744 1452 accuset,
779 1374 909 1453 iudicet,
942 1374 1082 1449 damnet,
1117 1374 1174 1435 sed

252 1456 383 1536 quilibet
414 1456 513 1517 ubivis
545 1456 682 1517 totaliter
714 1465 746 1517 et
780 1456 959 1537 plenissime
999 1456 1174 1518 absolutum

252 1540 387 1600 eundem
422 1558 492 1599 esse
519 1546 642 1600 statuat.
691 1539 740 1600 Ad
776 1538 869 1600 fidem
899 1548 931 1600 et
966 1541 1175 1601 testimonium

253 1622 396 1702 Sigillum
420 1622 578 1701 praefatae
599 1622 734 1683 fabricae
754 1624 938 1703 signumque
959 1623 1090 1702 Papale,
1111 1642 1172 1702 quo

251 1704 432 1767 huiusmodi
458 1705 585 1779 utimur,
620 1706 840 1785 impressimus.
886 1707 996 1766 Datum
1020 1705 1173 1787 Driahow,

253 1790 347 1851 Anno
368 1788 495 1851 Domini
514 1787 822 1866 alvertatensis,
838 1788 931 1851 Anno
948 1790 1037 1849 tertio
1054 1788 1174 1869 imperii

253 1872 440 1933 sanctissimi
462 1872 586 1931 Domini
608 1874 705 1932 nostri
727 1872 840 1951 Papae.
982 1924 984 1931 .

269 2002 272 2012 .
335 1954 408 2015 Alie
427 1952 684 2034 indulgentiarum
698 1956 840 2033 epistola,
863 1972 954 2032 quam
967 1954 996 2016 J.
1010 1954 1173 2034 Tetnelins,
1254 1966 1259 1984 ⁸

252 2036 546 2099 Subcommissarius
566 2038 722 2117 generalis
743 2036 781 2097 ab
793 2037 921 2099 Alberto
939 2038 1173 2117 archispiscopo

252 2128 284 2180 et
304 2119 486 2182 Gusrdiano
512 2120 636 2182 fratrum
664 2122 815 2183 minorum
841 2120 872 2183 S.
893 2120 1048 2181 Francisci
1069 2120 1109 2203 ad
1130 2120 1174 2181 in.

165 2273 166 2276 Ἴ
252 2202 430 2283 dulgentise
459 2202 674 2281 exsequendas
699 2205 900 2282 constitutus,
929 2202 980 2263 die
1012 2208 1041 2267 o.
1077 2222 1174 2265 meus.

252 2284 397 2350 Octobris
418 2305 447 2347 a.
461 2289 539 2349 1517
555 2286 699 2347 Beroiiuo
718 2286 812 2365 dedit,
833 2286 945 2367 legitur
966 2287 997 2349 in
1010 2286 1175 2347 Loesaheri

254 2369 423 2432 Reformat.
446 2369 533 2430 Actis
553 2369 576 2448 l,
598 2390 628 2450 p.
652 2372 712 2436 394
734 2371 793 2431 sie:
992 2415 994 2422 .

335 2453 443 2514 Frater
462 2453 622 2517 iohannes
643 2453 764 2532 Tetael,
788 2452 903 2515 ordinis
924 2452 1177 2528 Praedicatorunt

253 2536 433 2598 Conventus
453 2535 631 2616 Lipsiensis,
642 2556 749 2598 sacrae
765 2537 943 2616 theologiae
954 2529 1197 2598 umanureus'

252 2638 290 2679 ac
308 2620 485 2680 haereticae
507 2620 668 2698 pravitatis
682 2621 860 2698 inquisitor,
875 2617 1175 2680 aRevsrendissimo

252 2703 281 2762 in
294 2701 419 2763 Christo
441 2701 532 2762 Patre
552 2709 585 2762 et
599 2702 657 2762 Dn.
696 2703 830 2764 Domino
842 2701 982 2779 Albesia,
999 2707 1175 2764 sanctarum

252 2784 563 2865 llagdeburgensinm
591 2794 623 2846 et
656 2786 938 2866 Mogentinensium
975 2784 1175 2846 eeclesiarum

252 2867 498 2947 Archiepiseopo
528 2868 657 2947 primate
685 2878 718 2928 et
738 2867 823 2929 Sacri
844 2868 976 2929 Romani
998 2868 1121 2948 imperii
1143 2869 1174 2930 iu

251 2951 422 3012 Germania
434 2950 726 3029 Archicaacsllario,
747 2951 889 3030 Principe
910 2950 1055 3011 Electore
1072 2949 1176 3012 stad·

251 3034 461 3101 ministratore
480 3032 745 3116 Helberstadieusi
766 3043 799 3096 st
818 3033 998 3096 Merchioue
1019 3034 1175 3096 niunden<

252 3117 409 3196 burgensi,
430 3116 606 3194 stetinensi,
628 3117 840 3196 Pomerauiae‚
863 3116 1071 3178 Cassuborusn
1093 3116 1176 3178 Scla-

228 3216 425 3277 .·vorumque
443 3199 539 3278 Duce,
556 3201 745 3279 Burggravio
760 3200 981 3280 Noribergensi
1002 3219 1040 3260 ac
1052 3193 1175 3282 Regias

252 3283 411 3361 Principe,
442 3283 625 3342 sanctissimi
646 3284 678 3342 in
707 3282 829 3346 Christo
860 3283 958 3344 Petris
994 3290 1025 3344 et
1051 3283 1176 3344 Domini

252 3366 359 3442 nostri,
382 3365 507 3424 Domini
529 3364 641 3426 Leonis
663 3365 767 3428 divina
787 3365 982 3447 providentia
999 3365 1103 3444 Papae
1123 3365 1175 3426 de·
1295 3435 1301 3452 ἱ

253 3449 334 3524 cimi,
357 3465 396 3506 ac
418 3447 556 3507 eiusdem
577 3457 704 3508 sanctae
726 3448 808 3510 sedis
831 3449 966 3529 apostol.
988 3447 1028 3508 ad
1049 3447 1173 3528 Magda-

252 3532 338 3610 burg.
362 3547 402 3592 ac
422 3530 649 3609 Mogentinens.
673 3532 849 3592 Provincias
877 3551 914 3592 ae
935 3529 1071 3607 illarum,
1103 3531 1174 3591 Hal-

180 3636 182 3685 χ
252 3613 388 3674 berstad.
427 3615 566 3674 civitates
593 3621 625 3675 et
645 3614 806 3676 dioeceses
833 3633 892 3676 nec
922 3633 985 3674 non
1019 3619 1115 3675 terras
1144 3619 1176 3674 et

181 3696 182 3747 l
254 3697 321 3756 loca
343 3682 654 3776 Magdeburgensium
676 3695 1174 3778 etMogontiacuspirchiepisem

182 3770 183 3799 ¹
254 3799 362 3858 porum
403 3787 436 3838 et
461 3778 629 3844 Marchion.
658 3780 836 3842 Brandebnr
858 3779 976 3841 ensium
1014 3779 1176 3857 temporali

184 3926 185 3931 γ
253 3863 399 3924 Dominio
421 3862 555 3924 mediate
576 3863 626 3923 vel
640 3863 826 3940 immediate,
836 3799 953 3925 ditem
967 3861 1016 3921 uel
1027 3860 1176 3924 indirecte

184 3950 185 4005 t
254 3945 407 4025 subiecta,
438 3963 496 4026 pro
517 3947 702 4032 executione
722 3945 995 4010 sacratissimarum
1015 3943 1207 4030 indulgen.
