3075 4750
603 496 637 551 D.
654 496 733 553 biert.
752 496 872 551 Luiheri.
1135 490 1196 557 381

356 666 418 741 33)
431 663 523 727 Nihil
544 666 627 737 enim
647 664 801 744 iustificat,
824 665 881 728 uisi
899 665 968 727 solu
984 662 1063 725 fldes
1075 662 1197 742 Christi,

271 747 313 808 sd
335 766 447 827 quam
454 750 638 840 necessaris
664 758 712 809 est
739 749 823 811 verbi
852 768 908 829 per
929 746 1122 823 sacerdotem
1145 747 1197 807 mi·

271 832 426 891 nistratio.

355 915 416 1010 34)
432 913 506 982 Sine
517 914 652 993 quefloe
663 915 807 975 contritio
815 922 1016 993 peccatorum
1031 921 1079 978 est
1089 912 1197 993 despe

270 998 402 1144 musclis
423 998 576 1077 operatio,
597 1004 629 1059 et
650 998 719 1077 plus
730 998 829 1057 Deum
853 996 1014 1062 offendens
1028 1015 1128 1076 nquam
1150 1014 1195 1057 re·

271 1098 363 1143 soom
388 1100 464 1143 ans..

356 1162 416 1245 35)
440 1163 551 1226 Potest
583 1163 731 1226 sacerdos
752 1163 847 1226 'abuti
878 1163 967 1225 davo
998 1170 1030 1225 et
1057 1182 1198 1243 peccare,

271 1246 467 1308 absolvendo
490 1265 581 1326 quem
603 1265 666 1307 non
689 1245 935 1326 debuitfutpoie
958 1248 1126 1309 restrictus.

357 1332 414 1407 36)
437 1328 498 1390 Sed
519 1349 584 1390 non
604 1328 677 1391 ideo
698 1328 853 1392 absolutio
869 1336 917 1391 est
933 1328 1026 1407 nulla,
1044 1330 1103 1389 nisi
1120 1328 1197 1389 fides

270 1412 364 1476 nmo}
385 1411 520 1483 absoluti
541 1420 626 1475 esset
645 1411 740 1475 nulla

356 1496 415 1571 37)
441 1494 529 1557 Siout
550 1497 581 1555 in
602 1495 757 1576 baptismo
774 1503 806 1555 et
815 1496 936 1575 synaxi
949 1498 1040 1557 etiam
1059 1496 1199 1562 restricta

271 1579 370 1639 claris
393 1585 425 1639 et
441 1577 605 1659 prohibita,
626 1598 700 1639 vere
721 1579 857 1659 baptisat
878 1586 910 1639 et
931 1580 1148 1657 communicat,

356 1662 416 1736 33)
439 1662 486 1723 lta
503 1663 535 1722 ιιι
556 1663 764 1741 poenitentia,
787 1661 1011 1742 quantumlibet
1033 1659 1197 1742 prohibita,

270 1759 349 1809 vere
368 1744 523 1822 absolvit,
534 1744 631 1809 modo
651 1745 733 1809 absit
752 1744 845 1807 doius
865 1744 1008 1815 absoluti.

356 1830 416 1905 39)
439 1826 594 1889 Sacerdos
614 1830 706 1893 etiem
728 1829 807 1891 ieris
829 1847 868 1889 ao
888 1827 1009 1906 ludens,
1030 1847 1085 1888 seu
1100 1829 1196 1887 scien

269 1918 319 1971 ier
340 1918 450 2055 gonltra
470 1911 695 1974 restrictionem
717 1931 824 1993 agens,
846 1931 917 1973 vere
939 1919 1042 1973 tamen
1065 1910 1198 1990 baptisat

270 2002 303 2054 et
320 2013 341 2053 a
362 2012 399 2055 ιο
412 1995 464 2053 ιιι.

355 2078 416 2155 40)
441 2078 537 2157 Finge
558 2097 663 2137 casum
679 2098 736 2158 per
757 2077 959 2158 impossibile,
982 2079 1022 2137 ιιι
1034 2076 1197 2139 absoiren

270 2160 330 2221 dus
351 2178 416 2221 non
438 2161 601 2241 contritus,
624 2162 753 2232 credens
775 2168 878 2226 umen
900 2160 1124 2245 assentanei,
1147 2160 1197 2219 hio

271 2252 321 2308 est
341 2262 416 2305 rere
436 2242 606 2308 absolutus
668 2303 677 2319 ‚

353 2326 413 2407 41)
437 2322 512 2395 Nec
525 2332 631 2408 potest
649 2327 702 2388 hic
722 2326 847 2388 obstare
868 2326 930 2387 ulla
950 2326 1118 2388 reservatio
1147 2344 1194 2386 os-

270 2429 361 2470 suum
390 2417 444 2472 aut
472 2412 641 2491 restrictio,
674 2413 698 2472 si
727 2418 831 2472 tamen
865 2409 954 2472 fuerit
986 2416 1017 2470 et
1049 2411 1196 2470 manserit

268 2495 423 2575 ιςιιοιιιιι.

353 2575 414 2658 42)
438 2573 638 2673 Sacramenta
656 2596 758 2640 novae
779 2575 857 2658 legis
879 2595 943 2636 non
965 2574 1009 2635 sio
1033 2579 1104 2636 sunt
1132 2573 1194 2636 effi-

269 2661 359 2722 cacia
381 2660 500 2740 gratim
520 2659 629 2742 signa,
656 2657 740 2740 quod
767 2661 842 2721 satis
871 2661 910 2720 ιιι
936 2659 967 2718 in
988 2655 1195 2764 percipiendis
1220 2713 1223 2721 ,

269 2763 333 2804 oon
354 2759 474 2824 ponere
495 2741 626 2807 obicem
746 2793 750 2802 ,
1299 2793 1305 2802 .

354 2827 415 2901 43)
439 2824 530 2905 Quin,
552 2825 645 2906 quil)
669 2827 735 2886 sine
756 2823 818 2886 flde
835 2825 875 2886 ad
890 2823 1195 2906 quodcunqueaooe·

270 2907 326 2986 dn,
347 2907 433 2989 ficte,
454 2928 492 2969 sc
511 2928 568 2990 per
590 2908 680 2970 hoc
672 2927 704 2968 ιιι
726 2904 870 2972 iudicium
893 2927 979 2968 suurn
1002 2906 1132 2972 accedit.

354 2993 414 3066 44)
438 2989 639 3056 Sacramenta
659 2993 771 3053 veteris
793 2991 871 3071 legis
894 2997 925 3052 et
947 3009 1046 3052 norae
1074 2989 1119 3054 sic
1141 2989 1194 3052 dii-

269 3075 384 3152 ferunt,
408 3074 493 3154 quod
512 3073 568 3136 illa
588 3074 803 3152 cronicarum,
824 3075 884 3136 ista
898 3092 972 3136 vero
989 3094 1045 3135 eun
1047 3075 1194 3156 topiritus

268 3155 512 3222 iustificationes.

353 3242 414 3318 45)
436 3241 472 3302 ln
493 3242 585 3302 noris
605 3239 734 3319 adesis
725 3260 757 3300 ιιι
780 3240 933 3301 veteribus
957 3239 1052 3302 defuit
1068 3241 1194 3303 verbum

268 3325 464 3404 promittens,
484 3322 619 3406 ideoque
639 3330 671 3387 et
690 3321 769 3384 fides
782 3323 958 3404 recipientis
970 3323 1194 3384 remissionem.

353 3408 412 3482 46)
444 3406 530 3468 Sicut
555 3405 690 3470 venialia
714 3414 845 3487 peccata
873 3425 936 3467 noo
964 3405 1120 3502 pertinent
1154 3403 1194 3464 ad

158 3548 159 3565 ,
269 3490 503 3634 confessiouleign
525 3498 557 3550 et
578 3489 806 3553 absolutionem
829 3487 972 3568 clavium,
992 3487 1036 3546 ita
1057 3505 1117 3550 nec
1130 3505 1193 3546 orn-

158 3622 159 3635 ,
268 3575 446 3650 mamam

353 3642 413 3734 47)
437 3655 470 3717 si
483 3656 585 3752 ipomc
608 3662 763 3716 teneretur
791 3654 897 3717 omnia
930 3650 1072 3712 mortalia
1098 3651 1193 3712 conii

258 3741 343 3817 ieri,
367 3747 399 3800 et
401 3664 458 3799 ›ab
482 3740 527 3799 eis
548 3738 678 3818 absolvi,
701 3743 858 3798 teneretur
879 3730 918 3795 ad
941 3732 1148 3814 simpliciter
1139 3753 1193 3794 uu

268 3821 429 3903 possibile

325 4013 361 4082 1)
381 4013 413 4067 ln
431 4013 475 4068 ed.
493 4014 588 4070 ito&
613 4012 755 4081 Quisquis.
