3075 4750
454 515 481 563 et
498 509 642 563 voluntale
659 509 780 563 hominia
800 510 860 563 olna
880 473 977 578 gratio.
1117 502 1181 573 235
1256 548 1263 559 .

474 742 679 845 Quaestio
707 743 959 867 oubaouipta

259 943 296 1004 de
317 942 433 1003 viribus
456 951 487 1004 et
507 945 667 1005 voluntate
688 944 822 1026 hominia
846 946 912 1006 aine
934 948 1048 1027 gralia,
1071 949 1181 1007 contra

260 1026 430 1087 doctrinam
453 1026 555 1107 Papae
578 1034 609 1087 et
622 1025 846 1107 Sophiotarum,
868 1029 1023 1109 disputata
1045 1028 1180 1089 eatWit

227 1174 232 1182 ,
259 1110 427 1190 teubergae
442 1128 524 1170 anno
540 1110 579 1170 M.
592 1110 630 1174 D.
643 1109 723 1171 XVI.
746 1110 945 1173 Praesidente
969 1112 1082 1174 eximio
1106 1112 1180 1173 Viro

259 1192 294 1253 D.
329 1192 417 1255 Haut.
457 1192 588 1253 Luthero
622 1192 865 1275 augustiniano,
903 1196 967 1256 Art.
1003 1214 1040 1255 ao
1071 1191 1180 1257 Thool.

640 1276 798 1357 Magistro.

343 1440 390 1500 Ao
404 1440 498 1501 homo
521 1439 559 1499 ad
581 1440 638 1500 Doi
661 1442 825 1522 imaginem
850 1448 970 1502 oreatus
992 1441 1180 1503 naturalibus

259 1523 321 1583 ania
350 1522 464 1584 viribus
489 1516 547 1583 uei
574 1524 721 1584 creatoris
756 1532 924 1605 praecepta
956 1544 1096 1601 servaro,
1128 1531 1182 1585 aut

258 1606 332 1667 boui
351 1606 505 1687 quippiam
519 1605 629 1670 faoaro.
654 1613 708 1667 aut
721 1608 868 1687 cogitare,
892 1613 985 1689 atque
997 1628 1066 1669 oum
1082 1609 1182 1691 gratia

259 1690 387 1768 mareri,
409 1690 577 1768 meritaque
599 1707 790 1770 cognoscere
812 1689 929 1770 possit?

587 1771 802 1833 Conclusio
831 1771 854 1835 1.

341 1852 443 1914 Homo
478 1855 598 1915 rationo
630 1856 751 1915 animae
778 1855 835 1916 Dei
864 1856 984 1937 imago,
1015 1862 1046 1916 et
1075 1856 1119 1916 sio
1141 1855 1180 1916 ad

259 1937 387 2017 gratiam
416 1934 473 1996 Dei
501 1945 606 2017 aptus,
640 1939 702 1998 auio
737 1937 926 1999 naturalibus
960 1937 1073 1999 viribus
1106 1938 1181 2000 solis

260 2027 430 2079 ereaturam
453 2019 633 2098 quamlibet,
667 2040 728 2100 quo
748 2023 854 2101 utitur,
890 2022 1018 2082 vanitati
1051 2020 1181 2102 subiicit,

260 2121 315 2162 aua
338 2110 370 2162 ot
392 2121 472 2181 quae
494 2104 593 2163 carnia
615 2109 686 2163 sunt
707 2105 833 2183 quaerit.

553 2184 818 2247 Corollarium
844 2182 869 2248 Ῑ.
1192 2260 1194 2271 Α

339 2265 442 2328 Homo
470 2275 574 2348 vetuo,
608 2271 729 2329 vanitaa
759 2270 944 2348 vanitatum,
980 2270 1184 2348 universaque

260 2351 396 2430 vanitas,
424 2351 558 2430 reliquas
580 2370 703 2433 quoque
732 2358 904 2434 creaturas,
932 2351 1047 2431 alioqui
1076 2351 1185 2432 bonas,

261 2432 354 2494 efficit
375 2452 483 2496 vanua.
611 2431 617 2445 '

553 2514 818 2580 corollarium
847 2517 882 2579 ll.
969 2523 972 2530 ‘

341 2597 451 2659 Carula
479 2599 604 2660 nomine
631 2597 742 2660 dioitnr
768 2601 863 2675 homo
895 2606 999 2678 vetuo,
1029 2619 1091 2661 non
1120 2605 1185 2660 tan·

261 2688 322 2741 tum
337 2682 409 2762 quia
422 2682 556 2742 aanauali
569 2684 820 2762 oonoupisoentia
839 2683 968 2763 duoitur,
991 2682 1045 2743 aad
1061 2684 1185 2755 (etiam-

260 2765 284 2823 ai
312 2772 361 2825 aot
387 2772 508 2843 oaatuu,
537 2765 675 2846 sapiens,
708 2767 825 2840 inatus)
861 2767 933 2846 quia
962 2785 1024 2828 non
1053 2785 1091 2827 ax
1116 2766 1185 2829 Deo

260 2867 315 2927 por
336 2846 483 2928 Spiritum
504 2849 681 2909 reuaaoitur.

556 2930 825 2992 Corollarium
853 2931 903 2992 Ill.

343 3012 411 3072 Etsi
434 3031 542 3074 omnes
562 3012 703 3074 infideles
725 3015 798 3074 vani
821 3015 896 3092 aiut,
918 3014 994 3075 nihil
1015 3014 1089 3076 boni
1114 3032 1186 3095 opo·
1290 3021 1297 3030 '

259 3104 373 3175 rantes,
388 3115 451 3176 non
464 3104 565 3156 tamon
583 3097 744 3176 aequalem
755 3116 890 3177 poenam
903 3097 1056 3178 patiantur
1069 3116 1186 3158 omnoo.

582 3177 797 3240 Conclusio
825 3179 862 3240 ll.
1219 3192 1222 3201 '

344 3259 466 3339 Homo,
489 3259 549 3322 Dei
570 3262 669 3342 gratia
691 3262 827 3342 exoluaa,
852 3268 1019 3343 praecepta
1040 3263 1106 3323 eiua
1127 3281 1187 3323 aar·

260 3363 333 3403 vara
354 3361 549 3423 naquaquam
571 3351 691 3424 polest,
714 3363 815 3426 nequo
833 3365 876 3424 aa,
898 3345 1012 3416 valdo
1036 3362 1186 3425 oongruo,

261 3426 309 3485 vel
341 3425 381 3486 de
409 3425 584 3507 condigno,
616 3427 660 3491 ad,
684 3429 814 3507 gratiam
844 3447 1044 3510 praeparare,
1080 3445 1186 3487 vorum
1285 3448 1290 3461 r

261 3510 439 3569 naooaaario
462 3508 517 3569 sub
539 3518 669 3589 peooato
692 3517 806 3572 manat.

558 3592 821 3654 Corollarium
851 3593 874 3656 Ι.

344 3671 499 3734 Voluotua
527 3674 660 3736 hominia
690 3677 756 3737 aina
785 3677 884 3758 gratia
911 3693 972 3736 uon
1004 3681 1051 3735 eat
1080 3673 1186 3755 libera,

265 3755 316 3815 aed
338 3757 449 3835 servit,
471 3756 545 3818 lioet
565 3777 627 3819 non
650 3760 755 3820 invita.
970 3784 974 3790 ⁴

557 3840 822 3903 corollarium
849 3840 886 3903 lla
985 3870 989 3879 ·

342 3921 462 4002 Homo,
492 3923 614 4002 quando
643 3925 718 3985 fauit
746 3921 829 4003 quod
855 3923 886 3982 in
915 3939 949 3982 ae
971 3927 1035 3997 est,
1068 3927 1188 4003 paooat,

266 4021 331 4062 oum
353 4023 413 4066 neo
435 4005 517 4067 valle
539 4013 592 4068 aut
613 4008 751 4088 cogitare
775 4025 814 4066 ex
837 4005 960 4086 seipso
982 4005 1090 4086 possit.
