3075 4750
613 509 639 548 a.
656 493 727 550 1le
743 495 840 548 habiti.
1141 492 1181 556 95

256 661 337 740 quod
373 662 521 742 discipuli
554 664 696 724 dixerunt
728 663 924 726 redeuntibus
957 664 995 724 ab
1025 664 1180 744 Emmaus,

255 745 394 806 Surrexit
413 747 569 807 Dominus
590 767 663 808 vere
683 755 715 808 et
736 750 878 828 apparuit
899 748 1026 825 Simoni,
1052 748 1182 808 ethaeo

255 837 301 888 est
322 831 427 891 tertia.
471 830 617 905 Quartam
649 844 768 910 ponunt
800 839 832 892 et
862 833 1025 912 opinantur
1057 830 1181 910 quidam

254 931 323 972 esse
345 912 463 972 factam
485 913 595 974 eodem
618 913 668 973 die
688 915 808 976 Jacobs
832 915 951 992 minori,
982 913 1065 992 quod
1087 913 1179 974 credo

254 1015 361 1054 verum
384 1016 465 1075 esse,
488 1007 528 1056 ex
547 997 643 1057 verbo
664 998 800 1076 apostoli
823 997 995 1076 106115,
1019 996 1069 1057 ubi
1097 997 1180 1077 dicit,

253 1080 337 1138 visus
373 1079 519 1159 Cephue,
552 1081 664 1140 deinde
699 1081 858 1157 undecim,
891 1080 1062 1140 Jerusalem
1097 1082 1179 1140 visus

252 1170 301 1221 est
320 1161 457 1224 Jacobs.
500 1163 614 1238 Quinta
634 1165 702 1243 ipsa
723 1172 771 1223 est
804 1163 944 1224 euntibus
971 1165 1002 1222 in
1024 1163 1180 1224 Emmaus.

253 1245 351 1304 Sexto
391 1252 496 1307 autem
536 1266 605 1307 sero
642 1246 799 1326 discipulis
838 1247 979 1306 omnibus
1016 1247 1046 1306 in
1084 1246 1178 1308 domo

253 1328 370 1390 clausa.
416 1329 579 1390 Haeduae
601 1331 784 1394 omit-tohic
805 1348 1009 1408 componere,
1041 1332 1112 1407 quia
1140 1350 1179 1389 ex

252 1411 336 1471 Luca
359 1419 391 1471 et
406 1412 552 1473 lolianus
574 1415 648 1473 satis
669 1419 755 1493 patet
776 1431 879 1472 earum
903 1411 978 1471 ordo
1002 1419 1032 1470 61
1054 1431 1179 1492 compo·

254 1496 324 1554 sitio
347 1495 458 1558 facilis.
502 1496 583 1570 Quid
606 1504 708 1556 autem
741 1496 781 1556 de
807 1497 899 1556 beata
921 1496 1016 1554 Maria
1037 1496 1178 1574 virgine?

253 1577 335 1636 Dico
360 1578 444 1655 quod
467 1578 523 1638 luit
542 1581 594 1641 vel
616 1599 685 1639 cum
713 1579 889 1639 mulieribus
917 1577 992 1654 illis,
1027 1578 1077 1637 vel
1104 1579 1180 1639 vidit

254 1679 324 1730 eum
347 1679 420 1719 cum
445 1664 514 1721 aliis
536 1661 691 1741 discipulis
712 1683 797 1740 sero,
835 1663 995 1740 quiscum
1024 1661 1083 1720 illis
1112 1663 1178 1740 sine

254 1743 349 1802 dubio
372 1744 437 1803 luit.
480 1744 547 1804 Nec
568 1764 728 1805 necessum
750 1753 798 1806 est
819 1745 937 1821 dicere,
968 1745 1050 1823 quod
1078 1747 1177 1824 primo

254 1828 282 1885 ei
302 1829 501 1905 apparuerit,
529 1830 601 1907 quia
621 1830 717 1888 multa
744 1827 868 1906 quidam
898 1829 987 1888 nimis
1016 1828 1178 1888 carnaliter
1252 1853 1257 1863 “

253 1917 284 1968 61
305 1910 478 1970 seeundum
500 1911 664 1972 humanum
693 1909 817 1972 sensum
847 1911 885 1970 de
912 1919 1008 1970 matre
1037 1913 1102 1972 eius
1131 1931 1177 1972 aa·

252 1994 341 2071 pinnt
375 1988 413 2052 et*
433 2001 564 2072 aguntur
592 1994 702 2054 affectu
729 1995 861 2054 carnalis
883 1996 1062 2072 pictatis*)
1106 1995 1176 2056 Non

253 2077 318 2136 sine
342 2079 491 2155 mysterio
514 2085 653 2138 tacentur
673 2079 727 2138 illa
753 2079 785 2136 in
815 2080 980 2157 scriptura,
1018 2085 1049 2138 et
1075 2080 1177 2156 potius

252 2179 377 2238 semper
398 2161 514 2239 rigidus
534 2161 648 2240 legitur
670 2181 744 2241 erga
760 2181 829 2220 eam
848 2162 949 2238 luisse,
972 2163 1081 2220 iterum
1096 2163 1177 2220 euim

252 2250 392 2322 aguntur
403 2244 564 2322 custodes,
591 2247 726 2304 venitin
748 2247 913 2306 civitatem.
944 2245 1032 2304 Unde
1054 2265 1093 2304 ex
1115 2263 1177 2304 om·

253 2327 342 2386 nibus
371 2332 471 2405 patet,
505 2327 588 2407 quod
615 2329 763 2387 Dominus
796 2329 890 2389 multa
917 2328 995 2388 dixis
1016 2327 1176 2406 apostolis,

252 2430 333 2489 quae
355 2418 420 2469 tum
443 2430 507 2471 non
534 2411 767 2489 intellexerunt,
803 2412 884 2472 unde
912 2420 943 2479 et
963 2410 1063 2472 Lucas
1094 2410 1176 2486 dicit,

252 2513 321 2552 cum
346 2494 392 2553 eis
415 2494 634 2572 praedixisset,
662 2515 696 2555 se
718 2503 862 2575 oportere
890 2494 984 2569 tradi,
1017 2492 1175 2573 flagellari,

252 2575 390 2655 cruciligi
413 2584 445 2635 et
473 2579 561 2637 161116
582 2578 632 2638 die
652 2598 829 2659 resurgere,
857 2598 919 2638 non
950 2576 1175 2653 intellexerunt,

252 2667 283 2719 et
304 2669 374 2718 erat
396 2657 611 2721 absconditum
629 2661 690 2721 hoc
719 2663 845 2722 verbum
873 2662 912 2723 ab
942 2662 1003 2737 eis,
1038 2658 1176 2720 similiter

252 2762 320 2801 cum
341 2742 464 2820 dixerit,
487 2744 650 2822 modicum,
664 2754 695 2805 et
717 2765 779 2805 non
803 2745 944 2805 videbitis
973 2762 1038 2820 me,
1067 2762 1175 2804 omnes

250 2826 446 2905 ignorabant.
491 2828 646 2887 Praedixit
667 2837 770 2889 autern
792 2830 836 2889 eis
858 2830 927 2904 ista,
951 2846 1014 2887 non
1036 2834 1068 2887 ut
1088 2828 1175 2887 intel-

251 2910 405 2985 lexerunt,
432 2908 488 2969 sed
512 2919 546 2969 ut
565 2919 676 2989 posteo
695 2912 944 2989 recordarentur,
972 2918 1004 2971 et
1031 2918 1103 2969 tunc
1132 2912 1175 2971 in·

251 2993 438 3072 telligerent,
462 2995 533 3071 quid
555 2995 704 3055 voluisset
730 2998 796 3055 istis
824 2996 939 3055 verbis:
974 2995 1046 3053 Dixi
1076 2994 1173 3072 vobis,

252 3083 293 3153 ut,
315 3094 387 3134 eum
409 3076 523 3136 iactum
544 3078 642 3155 luerit,
664 3079 805 3156 credatis,
829 3080 914 3157 quasi
937 3078 1067 3139 diceret:
1102 3078 1172 3139 lam

251 3178 315 3219 uon
348 3160 537 3239 intelligitis,
567 3163 658 3239 quid?
702 3162 778 3221 Cum
807 3170 908 3221 autem
939 3163 1052 3221 laetum
1073 3161 1171 3239 luerit,

253 3242 335 3319 quod
357 3260 442 3301 nunc
462 3244 542 3320 dico,
565 3252 638 3305 tunc
657 3246 835 3324 intelligetis
857 3253 889 3305 et
910 3245 1059 3324 credetis,
1090 3246 1173 3323 quod

251 3344 309 3405 ego
334 3344 404 3384 sum
425 3325 518 3403 Deus,
542 3327 625 3405 quod
648 3330 846 3389 6116661661.
875 3331 920 3389 lta
943 3338 974 3389 et
997 3328 1068 3390 alibi
1091 3329 1173 3406 dicit,

253 3407 348 3467 mults
369 3407 470 3468 habeo
494 3409 581 3470 vobis
604 3410 717 3488 dicere,
739 3412 794 3471 sed
815 3432 878 3472 non
898 3415 1028 3492 potestis
1050 3419 1193 3491 portare,

253 3492 362 3570 modo,
399 3494 544 3571 quoniam
574 3496 679 3554 omnia
704 3496 771 3554 eius
800 3495 906 3572 verba,
937 3516 1016 3575 quae
1045 3497 1172 3572 depae

254 3578 340 3636 sione
357 3577 424 3635 eius
447 3577 610 3654 sonabant,
632 3579 689 3657 ipsi
704 3579 790 3639 nullo
811 3579 903 3641 modo
919 3580 1091 3659 capiebant,
1115 3578 1172 3635 nisi

253 3667 323 3737 post
342 3660 536 3738 passionem:
563 3662 648 3721 cuins
674 3663 769 3741 16116,
799 3665 870 3742 quia
897 3662 1073 3743 cogitabant
1102 3678 1170 3719 eum

255 3765 314 3805 non
338 3748 529 3808 moriturum.
992 3746 997 3765 '

308 4012 337 4080 ⁸)
358 4014 478 4068 Pulchra
495 3983 635 4066 confessio
654 4016 786 4067 veritatis.
