3075 4750
602 512 630 553 a.
648 498 720 554 lars
738 498 834 554 habili.
1116 494 1178 563 191

257 665 330 725 tiam
352 663 399 725 fia
435 662 580 725 &eundo
599 664 694 727 liubai
713 665 765 727 dis
783 671 895 727 ostavo
918 670 1073 744 slantes,
1095 667 1180 745 quod

256 756 302 807 est
323 752 437 809 eontra
459 747 620 827 superbos,
642 750 693 827 qui
715 750 817 810 aialim
840 749 922 809 fasta
942 749 1039 809 semel
1062 750 1180 810 uouiss-

255 832 355 908 siona,
377 830 466 893 bono
488 849 582 910 opere
602 839 657 891 aut
675 832 778 891 inlusa
798 834 914 913 grstia,
947 850 981 891 sa
1001 850 1097 911 puros
1118 850 1181 893 ors-

252 913 339 993 duul„
352 932 425 976 eum
439 915 630 975 circumcisio
649 916 709 975 ists
719 915 858 994 perlaeta
869 916 909 974 sil
923 914 954 974 in
970 914 1071 975 lutura
1081 934 1180 977 resur·

251 998 401 1076 rectione,
411 996 580 1077 quaediem
590 1005 733 1059 octavum
741 996 1030 1077 habatparflsienda
1040 1000 1179 1060 interim:

252 1098 307 1159 per
327 1086 428 1139 lotam
447 1079 673 1141 hebdomadam
695 1099 818 1161 semper
832 1081 1180 1160 estoiroumoidandum‚
1213 1156 1226 1165 Ἴ

253 1162 356 1223 donee
385 1160 492 1222 venial
518 1162 580 1223 illa.
623 1165 701 1225 Tum
730 1164 862 1245 denique
896 1171 1024 1224 vocatur
1050 1184 1113 1226 non
1136 1166 1200 1227 in·-

253 1247 331 1306 sisio
355 1264 417 1306 neo
442 1245 577 1322 derisio,
607 1265 666 1307 naa
691 1248 862 1327 praecisio,
895 1246 949 1307 sed
978 1248 1181 1327 circumdala,

254 1328 376 1388 scilieet
396 1329 428 1388 iu
451 1328 619 1389 rotundum
641 1337 673 1390 el
694 1331 862 1410 perfeetum
886 1330 1029 1409 abscisio,
1051 1339 1085 1391 ut
1106 1331 1181 1391 nihil

256 1419 420 1476 remaneat
441 1413 595 1491 praeputii
617 1419 649 1472 et
671 1415 781 1491 earnis,
806 1412 859 1473 sed
883 1420 980 1473 tolum
994 1412 1049 1474 liat
1069 1432 1181 1495 eorpus
1294 1482 1299 1489 ,

241 1491 430 1574 'spir-imola
478 1494 551 1555 Sina
574 1497 655 1555 enim
678 1494 831 1557 desiderio
854 1496 937 1557 malo
962 1515 1016 1557 eor
1036 1496 1181 1557 muudum

254 1586 286 1636 et
314 1595 432 1657 sorpus
461 1584 611 1639 sensium.
654 1578 843 1661 Hypooritas
876 1598 950 1639 vero
983 1580 1122 1641 insidunt
1148 1600 1182 1640 se

257 1666 380 1720 nutum
403 1679 458 1719 seu
480 1660 669 1740 praecidunt,
692 1662 811 1723 scilieet
832 1680 911 1743 opus
929 1664 1042 1722 malum
1065 1669 1183 1725 lautum

259 1750 429 1822 cavamen,
443 1742 516 1802 nihil
531 1743 664 1823 solliciti,
685 1753 719 1805 ul
735 1764 791 1805 eor
801 1746 947 1806 mundum
963 1744 1056 1806 floret
1068 1764 1180 1827 eorpus

259 1834 417 1888 mustum.
466 1826 569 1887 Tertio
601 1826 697 1889 flebas
729 1829 884 1909 impositio
916 1830 1065 1908 nominis,
1098 1832 1118 1891 i.
1153 1850 1180 1891 e.

258 1909 347 1988 quod
370 1916 462 1969 velus
485 1927 598 1971 nomeu
620 1914 715 1992 perii:
737 1913 801 1972 imo
823 1920 896 1973 aule
918 1912 1182 1975 circumcisionem

258 1993 381 2053 nullum
413 2011 528 2052 nomen
549 1992 698 2053 habemus
716 2013 821 2055 eoram
842 1996 927 2074 Deo,
962 1997 1033 2075 quis
1054 2014 1182 2076 quorum

258 2094 378 2136 nomen
403 2082 461 2153 est,
483 2094 590 2164 eorum
613 2078 706 2137 etiarn
742 2096 861 2139 memor
882 2086 945 2158 esl3
968 2086 1000 2139 at
1020 2081 1182 2160 impiorum

257 2178 319 2219 uon
344 2165 395 2219 ast
410 2176 539 2237 memor,
561 2165 596 2219 ut
615 2160 664 2221 Ps.
680 2165 733 2223 15:
756 2180 815 2221 nes
828 2180 881 2223 ero
894 2180 1012 2223 memor
1022 2165 1181 2223 nominum

257 2244 365 2303 sorum
388 2260 446 2321 per
466 2240 549 2301 labia
568 2260 648 2303 mes.
692 2244 758 2304 Hos
781 2252 828 2304 est
849 2264 973 2324 nornen,
1004 2245 1043 2305 de
1066 2264 1126 2325 quo
1149 2248 1180 2307 in

257 2325 408 2406 Apoealz
454 2324 595 2387 Vincenti
624 2324 705 2388 dabo
728 2346 842 2388 manna
868 2336 899 2389 el
920 2346 1033 2390 nomen
1055 2348 1180 2409 novum,

260 2410 382 2470 seilicet
403 2427 517 2468 nomeu
538 2409 609 2468 iusti
628 2418 660 2470 et
680 2413 786 2474 sanan.
817 2411 885 2472 lloo
905 2419 1006 2472 autem
1028 2415 1058 2473 in
1081 2414 1182 2474 lutura

260 2495 322 2552 vila
342 2490 436 2554 uobis
466 2492 639 2572 vorabitur,
675 2493 748 2554 lieet
767 2513 851 2556 nune
872 2495 910 2556 ab
934 2496 1046 2576 angelo
1069 2498 1108 2557 sit
1130 2517 1181 2558 vo·

257 2583 370 2655 satum,
394 2581 563 2655 antequam
587 2594 733 2641 essemus.
751 2595 770 2646 f

650 2875 796 2984 Sermo
832 2896 833 2906 '

472 3088 522 3148 die
543 3087 750 3174 Epiphaniae,
777 3109 805 3156 a.
830 3093 908 3156 1517
921 3093 969 3170 *).

340 3218 525 3314 Οἲηιιίἐτυῃῐ
546 3255 575 3315 ei
597 3273 734 3333 munera,
752 3276 875 3338 aurum,
908 3258 987 3338 illua,
1016 3259 1179 3340 myrrham,

264 3335 367 3396 llatllr.
395 3340 425 3401 2.
453 3336 516 3397 Isla
543 3354 671 3399 munera
692 3338 723 3399 S.
745 3339 852 3400 Patres
883 3344 968 3402 vario
998 3350 1070 3403 sunl
1090 3345 1180 3403 inler-

264 3420 383 3498 pretati.
428 3419 462 3482 B.
492 3421 623 3482 Hilarius
656 3441 724 3482 oum
751 3423 786 3483 Β.
818 3423 1007 3506 Hieronymo
1041 3427 1071 3484 in
1104 3445 1179 3486 auro

259 3519 380 3582 regam,
403 3503 434 3560 in
457 3503 545 3564 thure
565 3505 674 3582 Deum,
707 3505 737 3563 in
761 3507 884 3586 myrrha
904 3508 1065 3568 mortalem
1088 3509 1179 3588 signi-

260 3583 381 3644 llaatum
417 3592 448 3645 et
479 3586 639 3648 adoratum
669 3588 852 3669 inlelligunt.
895 3589 997 3651 Unde¹
1011 3591 1045 3650 Β.
1073 3591 1178 3651 Hiero-

264 3685 374 3747 nymus
385 3669 557 3729 iuvencum
573 3669 714 3731 adducit:
736 3691 853 3752 aurum,
868 3674 945 3748 thus,
958 3672 1111 3752 myrrham
1134 3691 1179 3734 re

260 3806 518 3816 Ἢ-ῇ
524 3812 607 3817 >-...-
614 3813 677 3818 --...

314 3881 344 3942 'l
366 3879 415 3932 Hie
433 3897 535 3940 sermo,
565 3899 620 3951 quo
639 3883 773 3936 Lulherus
798 3900 912 3936 munera
930 3900 947 3934 a
959 3883 1046 3953 Magis
1067 3884 1178 3939 chrisio

259 3947 353 4002 oblata
371 3951 519 4021 allegorica
531 3954 733 4022 interpretatur,
743 3956 844 4023 legitur
858 3955 930 4023 apud
945 3956 1081 4008 Loaseher
1092 3957 1112 4024 1,
1126 3958 1178 4013 780

261 4027 320 4089 sq'q.
340 4027 367 4073 ei
385 4040 510 4091 german.
531 4026 606 4094 apud
625 4027 790 4094 Walchium‚
810 4027 843 4094 X,
863 4027 933 4081 1230
951 4043 1010 4097 sqq.
