3075 4750
567 483 832 546 eurtum
1110 473 1178 570 mu

248 661 369 720 literam
408 655 567 758 intelligas
584 666 627 720 -et
648 659 751 721 mlum
769 675 849 740 opus
870 654 1056 739 prcurtitum
1076 654 1174 735 impc-

250 743 358 823 dierlu,
382 761 448 804 nou
470 751 529 805 erut
548 743 652 804 anima
673 750 726 804 tut
746 737 864 804 directa
881 759 940 823 per
957 739 1042 801 »bana
1061 737 1174 820 legem,

247 826 301 887 sed
325 825 422 888 stabit
442 840 552 887 secura
571 825 653 908 apud
675 833 774 888 semet
787 827 887 906 ipsum
899 822 1068 901 confidem,
1090 820 1175 901 quod

246 925 308 970 uun
340 916 391 970 est
421 909 554 971 morem
581 911 746 990 operatrix.
798 909 830 970 Si
867 915 970 970 cutem
1008 905 1175 987 intelligas,

247 994 342 1054 edam
362 1010 435 1054 ncu·
451 993 741 1074 concupiscendum,
763 994 825 1053 iam
848 993 954 1072 spiritu
975 989 1122 1070 intelligis
1141 994 1176 1052 u

248 1078 428 1137 animatae
448 1076 524 1136 cilril
545 1075 628 1158 apud
649 1093 684 1138 se
710 1070 845 1154 invenit,
874 1093 935 1155 quo
967 1071 1046 1134 lrrta
1075 1074 1176 1152 possit

250 1172 362 1220 secura
384 1173 457 1220 ecce
478 1177 513 1220 ue
535 1159 637 1240 legem
659 1159 815 1240 implesse.
858 1158 934 1220 ldec
955 1157 1109 1218 adllcum
1129 1156 1176 1218 dia

248 1243 356 1323 rigitur
378 1249 413 1303 et
431 1242 592 1304 humiliata
612 1244 746 1323 suspirat
765 1242 808 1302 cd
820 1243 960 1323 gratiam.
988 1240 1176 1302 *noemma

248 1334 297 1386 ert
316 1340 390 1386 cuae
410 1332 532 1386 rectum
550 1343 606 1386 ecr
626 1333 658 1386 et
679 1327 817 1406 spiritum
838 1333 966 1404 rectum,
991 1324 1041 1406 qui
1058 1325 1089 1384 iu
1105 1324 1176 1384 Dec

248 1409 317 1470 sclc
347 1409 456 1468 nititur
486 1417 518 1469 et
548 1401 758 1470 misericordia
791 1411 867 1469 eius.
917 1409 1012 1489 Igitur
1039 1408 1175 1468 curvum

247 1492 357 1552 literne
379 1499 429 1552 est
448 1491 566 1554 duecte
585 1493 617 1552 in
646 1491 829 1553 reatitudine
850 1492 997 1572 Spiritus,
1027 1489 1175 1570 ambages

250 1576 281 1634 iu
302 1573 525 1654 compendium
548 1581 580 1636 et
601 1576 847 1636 circumferentia
865 1576 896 1636 iu
918 1575 1048 1650 lineam,
1077 1576 1109 1634 at
1129 1591 1174 1632 ar·

250 1671 303 1718 cus
323 1660 357 1717 in
380 1658 540 1735 rlrurdum,
561 1675 600 1718 uc
621 1677 679 1739 per
698 1659 762 1721 hcc
782 1677 875 1719 curva
896 1659 965 1738 ipsa
985 1658 1006 1717 i.
1028 1671 1056 1717 ε.
1078 1656 1175 1717 homi-

252 1750 309 1802 net
331 1741 494 1802 voluntate
515 1743 615 1819 curvi,
641 1743 676 1801 iu
702 1757 758 1803 rua
778 1741 948 1806 rectificata
969 1739 1178 1800 directurum

251 1827 284 1884 iu
304 1843 363 1900 eu,
387 1839 467 1903 quiae
488 1831 560 1885 suut
578 1825 648 1888 Dei.
695 1825 815 1885 Eadem
835 1831 939 1885 autem
959 1832 993 1884 et
1013 1838 1123 1904 aspera
1144 1827 1178 1884 et

253 1907 368 1987 plaut,
401 1907 460 1967 nisi
489 1907 572 1989 quud
603 1909 694 1968 etlam
721 1908 872 1969 indirecta
896 1908 948 1968 via
973 1910 1078 1987 puteat
1106 1923 1177 1968 etue

254 1992 416 2071 usperitts.
468 1991 539 2051 ldae
564 1991 681 2052 iudicio
710 2011 824 2072 aspera
844 1997 915 2052 suut
933 1993 1003 2071 ipsa
1024 1988 1176 2070 superbia,

255 2087 333 2152 quae
356 2090 398 2134 ex
420 2075 569 2134 curvitate
590 2076 735 2152 nascitur,
756 2076 830 2154 quia
844 2071 1177 2155 literatervataiullst,

255 2157 312 2236 φή·
325 2157 416 2216 enim
444 2170 480 2218 sc
501 2157 595 2218 sentit
614 2176 678 2219 noc
700 2159 799 2218 teneri
820 2153 970 2238 lege'uee
991 2173 1075 2216 reum
1089 2155 1178 2236 legis,

254 2257 315 2300 ucn
336 2246 445 2319 potest
464 2253 535 2301 sert
554 2248 752 2320 peecatorem
773 2239 923 2302 confiteri.
975 2239 1050 2300 ldec
1073 2257 1179 2298 ueces-

257 2325 336 2384 taric
359 2335 424 2384 adt
441 2321 641 2385 erit'hcmilie
669 2323 801 2404 vilisqu‘e
832 2324 865 2384 iu
898 2321 995 2385 oculis
1023 2322 1100 2401 suis,
1133 2321 1178 2381 sic

256 2422 381 2469 emtum
404 2407 683 2489 laeluutucperum
704 2409 726 2468 i.
749 2426 777 2468 e.
799 2408 930 2484 clatum,
958 2408 1037 2467 sicut
1065 2422 1177 2485 aspera

256 2491 406 2551 mortium
425 2498 594 2569 rcctutrrrr
623 2492 674 2571 qul
695 2511 770 2553 veru
793 2492 887 2551 sentit
908 2508 942 2550 εε
963 2488 1024 2569 legi
1059 2486 1177 2549 debitu-

255 2592 327 2649 mm,
339 2574 459 2652 utique
479 2574 576 2653 gemit
596 2580 629 2634 et
649 2574 769 2635 vilescit
790 2575 858 2653 ipse
875 2573 943 2635 sibi.
975 2571 1078 2647 Quare
1093 2576 1177 2631 recle

256 2658 401 2736 requitur,
424 2658 524 2717 omnis
547 2676 637 2737 moue
657 2659 677 2720 i.
700 2671 726 2719 e.
749 2656 903 2736 superbia,
926 2675 986 2735 qua
1006 2652 1177 2714 humiliabi-

256 2745 318 2816 tur,
339 2746 373 2799 et
394 2740 604 2808 cmuis'vallis
627 2740 803 2821 implebitur
822 2741 842 2800 i.
866 2759 892 2803 e.
926 2738 1081 2817 humilitas
1109 2756 1176 2817 gra·

256 2821 326 2882 tiim
350 2823 493 2901 accipiet.
536 2822 631 2903 lgdtur
651 2824 750 2903 primu
768 2817 828 2903 per
849 2820 1032 2883 iohannem
1047 2827 1078 2880 et
1099 2818 1177 2901 legis

255 2904 446 2966 intellectum
467 2906 619 2967 literalem
647 2906 787 2989 dirigitur
808 2906 918 2983 humo,
941 2904 979 2965 de
999 2904 1115 2966 iustitia
1137 2902 1175 2963 ud

255 2995 417 3067 peceatum
440 2987 565 3063 dieitur,
584 3008 646 3067 quo
668 2990 749 3051 facto
772 2991 833 3049 iam
856 2988 1005 3069 asperitas
1026 2994 1057 3046 et
1074 3004 1177 3068 super-

255 3069 304 3131 bia
326 3071 472 3151 placatur
493 3077 524 3133 et
545 3071 580 3131 lit
608 3072 779 3151 humilitas,
810 3070 881 3133 dum
913 3090 947 3131 se
978 3076 1177 3151 peccatorem

262 3152 361 3229 videt,
386 3154 438 3233 qui
460 3150 517 3214 sibi
538 3155 634 3215 luctus
656 3163 722 3217 erut
742 3158 838 3237 prius,
859 3173 897 3219 aa
918 3153 962 3215 sic
982 3158 1178 3233 vereLpost·

255 3256 345 3317 quam
367 3236 523 3297 humilitas
545 3238 599 3299 illu
620 3237 702 3303 lucta
723 3239 814 3299 luerit
834 3237 1018 3319 perlegem,
1041 3236 1178 3315 sequitur

254 3321 372 3461 gratia,
406 3320 539 3398 seilicet,
576 3320 661 3405 quod
691 3320 806 3385 videbit
825 3322 926 3383 omnic
948 3310 1020 3401 calc
1044 3320 1178 3381 salutare

282 3405 321 3463 ei.
377 3402 491 3463 Videre
518 3410 705 3466 autemnon
727 3404 849 3486 posset,
878 3404 936 3463 nisi
956 3420 1053 3487 prava
1074 3406 1179 3462 esseut

254 3484 439 3563 testificata,
461 3492 492 3547 et
513 3506 623 3567 aspera
643 3486 786 3567 planata,
819 3495 850 3549 et
882 3492 1004 3549 montes
1026 3480 1176 3545 humiliati

256 3574 286 3628 et
305 3565 406 3629 valles
428 3566 548 3649 repleti.
591 3568 651 3645 Qui
672 3589 747 3632 vero
767 3568 943 3631 Jcbanuem
964 3568 1070 3629 odiunt
1084 3572 1178 3644 alque

257 3653 411 3728 resistunt,
435 3653 464 3711 ei
486 3651 673 3732 superfluum
689 3652 820 3715 credunt
842 3652 947 3714 duceri
969 3650 1008 3710 ab
1021 3649 1086 3710 illu.
1118 3647 1178 3709 Ubi

259 3734 416 3795 lohannes
447 3734 536 3812 dicit,
567 3735 689 3816 dirigite
726 3738 806 3797 riam
836 3734 979 3811 Domini3
1010 3731 1177 3793 direximus

260 3836 358 3897 neque
375 3824 423 3881 est
438 3836 547 3879 curva:
582 3817 743 3880 lohannes
759 3820 843 3895 dicit,
857 3818 933 3885 liant
945 3812 1181 3896 pravadirectap

260 3901 320 3962 imo
342 3900 430 3961 nullu
450 3909 523 3963 suut
542 3912 648 3982 prata
695 3904 785 3963 Fiam
811 3919 923 3981 aspera
951 3898 1062 3979 pluua3
1087 3896 1182 3977 plana

263 3991 329 4045 sunt
349 3985 474 4047 omnia:
501 3984 800 4047 humilietur‘omuiu
821 4002 929 4062 mons3
956 3980 1017 4045 heu
1040 4000 1106 4046 uon
1135 3986 1182 4043 est
