3075 4750
592 534 627 590 de
643 535 833 632 indulgentiis.

564 757 696 822 Sermo
718 761 869 824 tertius.

334 873 529 936 Venerabilis
540 874 683 954 Domine,
706 895 774 957 oro,
794 884 828 937 ut
848 875 958 938 ovibus
974 877 1084 936 vestris
1106 893 1177 936 mco

249 957 379 1016 nomine
401 957 476 1016 tolie
496 957 598 1017 fecere
619 958 714 1020 verbe
734 960 853 1040 velitis,
880 964 915 1019 nt
935 959 1044 1020 oculos
1064 959 1178 1019 mentis

249 1040 374 1118 operire
395 1039 500 1119 velint,
521 1040 728 1120 considerare,
750 1049 898 1121 quantem
919 1043 1048 1124 gratiam
1071 1047 1103 1102 et
1122 1041 1178 1103 do·

248 1141 322 1182 num
352 1123 386 1182 in
416 1121 531 1183 foribus
560 1123 731 1184 habuerunt
758 1131 791 1185 et
821 1143 905 1185 nunc
931 1125 1055 1186 hebent
1096 1125 1178 1184 Vere

248 1205 334 1266 beuti
356 1205 450 1283 oculi,
473 1207 524 1286 qni
545 1206 660 1286 vident,
682 1207 766 1286 quod
785 1209 845 1289 ipsi
867 1207 983 1286 vident,
1003 1207 1177 1285 advertunt,

248 1287 422 1367 quodiam
443 1288 558 1349 hebent
579 1289 683 1350 litores
706 1291 784 1351 solvi
807 1290 989 1370 conductus,
1011 1308 1177 1370 perquem

247 1372 388 1430 enimam
409 1389 514 1430 esrum
534 1375 681 1452 poterunt
700 1391 756 1452 per
777 1375 868 1434 istem
894 1373 1010 1433 vellem
1037 1373 1176 1432 lacrime-

249 1473 382 1532 mernm,
395 1471 451 1532 per
461 1454 542 1514 istud
560 1473 645 1516 mere
659 1455 814 1516 furibundi
829 1456 919 1516 huius
932 1455 1048 1534 mundi,
1063 1455 1114 1514 ubi
1130 1461 1178 1514 tot

245 1536 409 1618 procellae
420 1542 451 1596 et
458 1541 657 1617 tempestates
668 1539 868 1618 periculoque
878 1540 991 1617 insunt,
1002 1536 1042 1597 ed
1053 1537 1176 1599 felicem

245 1621 381 1698 petriam
396 1619 531 1700 paradisi
545 1621 722 1700 perducere.
747 1621 862 1700 Sciant,
873 1621 957 1700 quod
967 1620 1101 1681 hominis
1112 1621 1176 1679 vite

245 1703 358 1762 militie
380 1719 472 1782 super
492 1707 613 1768 terrem.
657 1705 814 1765 Habemus
833 1704 965 1764 militare
985 1709 1095 1764 contre
1110 1720 1174 1762 cer·

245 1803 328 1864 nem,
350 1783 498 1844 mundum
521 1792 553 1846 et
570 1786 737 1867 diabolum,
757 1789 809 1866 qni
824 1805 946 1868 semper
962 1787 1095 1846 animem
1107 1804 1174 1865 per·

244 1867 318 1928 dere
333 1873 495 1930 conentur.
518 1869 553 1929 ln
562 1871 699 1949 peccetis
716 1877 816 1930 meter
828 1877 934 1953 nostre
947 1887 1005 1930 nos
1020 1869 1174 1948 concepit,

244 1951 314 2030 heu,
331 1952 406 2030 quie
420 1950 721 2031 funes'peccatorum
732 1953 890 2033 complexi
907 1959 979 2013 eunt
994 1970 1064 2031 nos,
1079 1958 1112 2013 ct
1127 1959 1176 2011 eet

245 2032 394 2112 difficile,
421 2039 453 2094 ct
484 2035 714 2113 quodammodo
749 2035 943 2117 impossibile
976 2035 1017 2096 ed
1048 2042 1173 2116 portum

245 2117 411 2196 pervenire
433 2117 557 2198 salutis,
589 2119 655 2178 sine
679 2117 784 2179 divino
807 2119 977 2180 adiutorio:
1009 2119 1081 2197 quie
1108 2136 1174 2178 non

246 2199 448 2280 exoperibus
467 2201 611 2279 iustitiae,
626 2219 705 2281 quae
716 2202 844 2262 fecimus
860 2221 930 2282 nos,
948 2201 1003 2261 sed
1019 2219 1173 2280 persuum

245 2287 389 2342 sanctem
418 2283 659 2344 miscricordiam
688 2285 793 2346 salvos
822 2303 881 2345 nos
909 2285 990 2344 iecit.
1042 2283 1174 2364 Oportet

246 2384 321 2447 ergo
356 2363 444 2425 indui
471 2376 625 2428 armature
659 2368 726 2429 Dei.
753 2398 756 2405 ·
781 2367 917 2448 cepistis
951 2367 1056 2427 literas
1094 2365 1172 2426 selei

246 2448 419 2511 conductus
443 2468 462 2507 s
475 2451 591 2511 vicario
606 2451 733 2511 Domini
753 2452 852 2511 nostri
868 2451 943 2511 Jesn
966 2450 1086 2527 Christi,
1108 2449 1172 2527 qui·

245 2531 302 2593 bns
325 2531 532 2594 mediantibus
554 2535 696 2615 poteritis
719 2534 852 2594 enimam
872 2552 891 2592 e
912 2532 1052 2593 menibus
1074 2532 1171 2591 inimi·

247 2629 355 2675 corum
377 2613 525 2696 liberere,
551 2616 643 2677 etad
665 2617 767 2677 felicio
786 2634 900 2697 regne,
921 2615 1078 2677 mediante
1100 2628 1172 2676 eon-

245 2699 373 2759 tm'tione
396 2699 667 2780 confessioneque,
697 2706 794 2759 tutem
817 2706 849 2760 et
869 2717 1009 2759 securem
1030 2699 1097 2758 sine
1119 2698 1172 2758 eli·

246 2800 306 2861 qne
337 2798 441 2860 poene
469 2784 639 2863 purgatorii
668 2782 844 2863 perducere.
889 2782 1010 2859 Sciunt,
1032 2780 1116 2860 quod
1139 2781 1170 2841 in

245 2864 291 2925 his
315 2864 415 2923 literis
437 2865 589 2945 impressa
610 2872 641 2925 et
664 2866 786 2945 sculpto
799 2871 870 2925 sunt
885 2866 990 2925 omnic
1002 2865 1172 2924 ministerio

246 2945 364 3010 Christi
384 2948 539 3027 passionis
562 2946 604 3010 ibi
628 2950 755 3010 extenti.
798 2948 1063 3025 Animadvertent„
1087 2946 1171 3026 quod

244 3048 299 3111 pro
336 3029 478 3109 quolibet
508 3038 639 3111 peceato
671 3032 795 3093 mortali
823 3037 948 3111 oportet
975 3049 1031 3111 per
1051 3037 1170 3110 septem

245 3132 347 3173 annos
370 3120 443 3193 post
465 3115 693 3176 confessionem
717 3120 749 3175 et
769 3116 987 3175 contritionem
999 3115 1170 3195 poenitere,

245 3195 293 3257 vel
315 3197 350 3256 in
371 3196 432 3255 hec
451 3198 516 3257 vite
537 3198 588 3258 vel
610 3200 805 3278 purgatorio:
838 3204 914 3277 quot
940 3202 1070 3277 peccate
1089 3216 1171 3257 mor·

244 3280 319 3339 telio
344 3280 576 3341 committuntur
595 3282 627 3340 in
651 3280 710 3363 die,
731 3288 809 3359 quot
824 3280 1072 3360 inhebdomsde,
1095 3284 1172 3358 quot

244 3363 274 3422 in
296 3378 418 3441 mense,
442 3369 517 3441 quot
537 3364 569 3423 in
592 3370 692 3442 snio,
715 3369 791 3444 quot
811 3370 879 3426 toto
901 3371 1041 3443 tempore
1062 3362 1170 3423 vites?

244 3446 307 3506 iere
330 3443 453 3505 infinite
474 3453 553 3527 sunt,
577 3454 607 3507 et
627 3446 780 3509 inlinitum
790 3465 925 3527 poenam
940 3446 1058 3508 hebent
1068 3444 1170 3504 subire

244 3529 273 3589 in
295 3526 477 3589 ardentibus
499 3531 609 3609 poenis
630 3531 810 3611 purgatorii.
852 3530 982 3590 Etcum
1004 3529 1051 3588 his
1072 3527 1169 3587 literis

245 3611 524 3673 confessionalibus
546 3614 687 3695 poteritis
709 3614 806 3674 semel
827 3614 859 3672 in
872 3614 954 3692 mite,
975 3614 1007 3670 in
1027 3609 1168 3671 omnibus

245 3696 377 3775 casibus,
399 3701 532 3775 quotuor
553 3698 691 3777 exceptis
706 3696 772 3758 sedi
788 3697 982 3776 spostolicae
993 3694 1168 3772 reservetis,

245 3777 359 3840 hebere
388 3778 559 3857 pleneriem
588 3781 723 3841 omnium
758 3796 930 3859 poenarum
961 3794 1060 3855 usque
1095 3782 1170 3837 tunc

245 3860 434 3941 debitarum3
455 3861 567 3923 deinde
584 3869 650 3924 toto
666 3870 806 3943 tempore
819 3862 901 3921 vitae
911 3860 1061 3940 poteritis,
1074 3876 1168 3937 quen-

245 3944 409 4024 docunque
430 3945 522 4005 vultis
544 3945 694 4025 confiteri,
716 3948 747 4006 in
772 3945 893 4005 ossibus
915 3961 1017 4023 papae
1037 3962 1101 4003 non
1124 3961 1168 4002 re-

245 4030 402 4110 servetis,x
423 4028 515 4089 etiem
534 4029 650 4092 hebere
672 4027 804 4091 similem
824 4027 1039 4089 remissionem
1058 4032 1093 4087 et
1112 4042 1168 4106 po-

763 4170 777 4189 r
890 4131 956 4199 18*
