3075 4750
357 475 398 546 64
681 480 830 536 Sermonae
848 470 960 535 raum

357 649 490 711 cundum
501 655 596 730 patet,
608 647 758 728 quiaideu
768 649 909 730 imponit,
922 636 1129 727 ut'quaeratur
1137 648 1238 729 gratia
1248 656 1280 710 ct

360 739 549 814 agnoscatur
561 731 787 811 evacuaturque
800 731 951 812 sapientia
964 731 1075 790 carnis.
1101 731 1161 792 Per
1177 731 1281 812 legem

359 817 497 896 cognitio
520 816 650 894 peccati.
689 815 770 876 Nam
791 815 818 874 ai
839 800 1058 895 cogntacatnr,
1080 814 1166 892 quod
1185 814 1280 874 nullis

358 897 515 977 consiliis,
547 897 638 958 nullis
667 897 789 958 auxiliis
820 899 934 958 nostrie
959 897 1214 978 concupiscentia
1240 915 1280 957 ex

275 1005 280 1018 ·
357 980 447 1041 nobis
470 981 569 1060 possit
590 981 710 1060 auferri,
732 987 763 1042 et
785 979 1104 1061 macconualegem
1119 988 1177 1060 est,=
1199 999 1279 1058 quae

357 1063 439 1142 dicit,
461 1079 525 1124 non
547 1066 757 1143 concupisces,
779 1071 811 1123 et
823 1065 999 1144 experimur
1021 1081 1128 1126 omnes
1149 1064 1279 1128 invinci-

356 1145 450 1208 bilem
484 1165 554 1208 esse
585 1148 870 1228 concupiscentiam
895 1147 1026 1227 penitus.
1074 1146 1155 1221 Quid
1183 1152 1281 1207 rcamt

357 1230 416 1289 nisi
431 1235 472 1288 ut
493 1230 644 1311 sapientia
666 1231 766 1290 carnis
788 1235 888 1290 cesset
909 1237 941 1289 et
960 1229 1060 1307 cedat,
1081 1229 1227 1310 desperet
1247 1229 1280 1290 iu

237 1379 239 1390 A
359 1319 457 1372 semet
478 1314 555 1394 ipsa,
578 1321 685 1393 parcat
706 1319 737 1372 et
757 1311 919 1378 humiliata
931 1311 1056 1373 aliunde
1078 1317 1215 1391 quaerat
1227 1331 1280 1373 aa·

356 1395 474 1474 xilium,
497 1395 578 1474 quod
593 1396 650 1457 sibi
671 1403 830 1476 praestare
851 1394 966 1474 nequit.
1008 1394 1083 1456 ldeo
1096 1396 1182 1474 dicit,
1204 1413 1279 1474 quo·

357 1479 414 1538 tias
442 1479 526 1539 volui
556 1497 746 1560 congregare
770 1491 829 1539 etc.
877 1477 962 1540 Ecce
992 1478 1152 1557 quomodo
1182 1479 1279 1539 ctiam
1316 1552 1319 1554 ,

358 1561 447 1622 offert
474 1563 603 1643 gratiam
629 1582 695 1623 non
728 1561 954 1640 quaerentibus.
975 1603 978 1607 ›
996 1560 1097 1622 Maior
1124 1579 1202 1642 ergo
1231 1567 1280 1622 eat

357 1647 530 1724 accusatio,
563 1645 645 1724 quod
676 1664 748 1707 non·
769 1645 870 1705 solum
898 1644 1279 1725 non·‹quaerit.gratiam,

357 1727 397 1786 ad
427 1728 509 1805 quod
539 1747 594 1808 per
620 1728 737 1808 legem·
756 1727 955 1806 monebatur,
985 1726 1041 1787 sed
1075 1733 1108 1788 et
1140 1726 1279 1788 oblatam

357 1811 490 1890 respuit,
526 1817 557 1871 et
578 1811 696 1891 spiritui
724 1811 843 1892 gratiae
870 1810 1089 1870 contumeliam
1121 1810 1226 1888 facit,.
1247 1817 1281 1870 et

357 1893 553 1974 sanguinem
585 1895 700 1972 inquo
729 1892 892 1953 mundatus
914 1900 977 1972 est,
1003 1893 1160 1972 pollutum·
1183 1892 1280 1954 duait.

357 1976 512 2040 Pollutum
533 1996 608 2037 sane
630 1975 723 2055 ducit,
745 1976 818 2036 dum
838 1977 908 2056 ipso
930 1976 1016 2036 velut
1035 1995 1099 2037 non
1122 1993 1201 2058 opus
1223 1976 1288 2036 ha·¹

357 2059 432 2120 bens
455 2060 517 2118 suis
540 2060 677 2119 consiliis
697 2078 769 2133 sese
788 2061 895 2120 iuvare
916 2059 1098 2140 praesumit,
1128 2077 1192 2120 aon
1214 2078 1278 2120 cre·

357 2141 443 2219 dens,
466 2141 571 2202 audire
592 2143 718 2220 nolens,
741 2143 782 2202 sc'
795 2161 899 2203 verum
924 2141 1001 2222 legis
1023 2148 1055 2201 ct
1074 2142 1280 2221 impotentem
1387 2130 1388 2155 ¹

356 2223 494 2304 implere.
535 2223 611 2286 ldeo
633 2225 742 2286 domus
764 2225 829 2286 eius
852 2225 965 2286 merito
975 2223 1155 2303 relinquitur
1175 2225 1206 2284 ei
1227 2225 1279 2286 de·

266 2341 268 2350 ι
357 2314 453 2370 serta·
491 2308 552 2371 aad
574 2326 632 2369 nos
654 2315 687 2369 ut
707 2308 864 2389 simplices
885 2307 966 2390 pulli¹
982 2326 1052 2368 cum
1071 2308 1104 2370 S.
1116 2307 1277 2388 Stephano

357 2410 493 2453 oramus:
527 2401 558 2454 et
589 2396 621 2453 iu
655 2393 831 2455 velamento
860 2393 976 2453 alarum
997 2398 1116 2452 tuarum
1141 2392 1278 2453 exsulta·
1386 2463 1387 2482 χ

356 2476 446 2556 bunt,
469 2478 639 2555 etiterum,
663 2477 718 2538 sub
739 2478 850 2557 pannis
872 2475 1127 2555 eiassperabuat.
1169 2474 1278 2537 Rom:
1386 2495 1387 2540 3

355 2559 438 2619 Misit
459 2560 541 2620 Deus
571 2559 666 2627 illlum
683 2578 787 2619 suum
806 2561 839 2619 in
861 2558 1065 2621 similitudino·
1081 2559 1182 2619 carnis
1204 2577 1278 2638 pac·
1386 2545 1387 2570 ¹

356 2644 426 2722 cati,
449 2649 481 2703 et
500 2642 539 2702 dc
560 2649 691 2722 peccato
720 2642 879 2702 damnavit
899 2647 1077 2721 peccatum,
1109 2647 1144 2701 ut
1169 2640 1279 2702 iustili-

278 2730 281 2739 “
357 2726 437 2785 catio
460 2725 537 2805 legis
560 2726 595 2784 irr-
619 2724 710 2786 nobis
740 2725 927 2808 imploratur.
964 2724 1046 2785 lllnd
1069 2731 1173 2785 autem
1187 2724 1280 2803 qaod

357 2806 471 2867 dictum
496 2811 543 2868 est
564 2808 604 2868 de
624 2808 787 2869 voluntate
805 2808 974 2887 hominurn,
995 2807 1078 2888 qnod
1099 2808 1141 2868 ait
1153 2808 1277 2881 contor-

356 2890 412 2949 mis
437 2890 588 2951 voluntati
616 2891 690 2969 Dei,
713 2890 947 2971 intelligendum
975 2899 1024 2952 ast
1055 2891 1096 2951 dc
1122 2892 1277 2970 synterosi

355 2972 521 3035 voluntatis
543 2994 597 3035 seu
625 2975 788 3055 superstite
801 2975 971 3054 portione,
993 2992 1074 3053 quae
1095 2973 1279 3037 naturaliter

355 3055 421 3117 vult
451 3056 575 3119 bonum.
630 3056 708 3127 Nam
746 3055 786 3117 dc
817 3063 884 3117 tota
913 3057 1074 3118 voluntate
1105 3056 1276 3135 loquendo,

357 3156 456 3218 aeque
478 3142 547 3219 ipsa
563 3138 672 3200 deficit
690 3141 721 3199 in
745 3139 880 3201 amando
901 3139 1002 3220 bona,
1032 3140 1113 3200 siunt
1141 3141 1221 3201 nuo
1243 3141 1277 3200 in

354 3221 556 3303 intelligentta
588 3230 673 3285 recto
699 3229 733 3284 ct
759 3241 846 3290 vero.
888 3222 974 3284 Sicut
1002 3242 1078 3304 argo
1104 3224 1277 3303 synteresis
1310 3228 1319 3240 '

353 3306 482 3369 rationis
511 3306 604 3367 etiam
631 3306 798 3368 conformis
824 3311 875 3366 est
905 3306 1076 3386 sapientiae
1105 3305 1181 3385 cair
1200 3306 1276 3367 licet
1371 3376 1376 3385 ¹

355 3384 519 3457 totairatto
543 3390 669 3450 omnino
692 3388 841 3451 difformis
870 3389 911 3449 sit
930 3390 976 3468 cip
1003 3409 1075 3454 narn
1104 3390 1276 3451 uum-·utaei·

355 3490 417 3551 quc
442 3478 598 3551 ponantur
617 3472 790 3535 invisibilia
816 3478 850 3532 at
875 3472 1074 3553 abscondita,
1102 3479 1167 3533 tarn
1194 3473 1275 3534 ratio

354 3572 479 3617 nauca
504 3556 601 3635 capit,
634 3574 725 3635 quam
754 3556 907 3631 voluntas
928 3575 968 3617 ea
988 3575 1053 3618 non
1073 3561 1172 3635 amat,
1201 3555 1278 3617 licat

354 3656 410 3718 per
430 3639 603 3719 syntcrasin
631 3638 817 3699 inclinantur
839 3645 871 3699 st
889 3640 1105 3720 aptasintsea
1125 3656 1222 3699 nosse
1244 3646 1277 3699 ot

354 3739 467 3783 amare.
515 3718 572 3782 Illa
603 3722 688 3781 cuim·
713 3727 798 3783 carta
828 3727 892 3802 cst,
921 3724 985 3785 ista
1004 3728 1115 3783 autam
1135 3720 1275 3785 ‘infirma

352 3803 428 3865 Ideo
450 3804 505 3866 illa
525 3806 648 3865 nonnisi
669 3804 866 3885 verosimilia,
888 3806 908 3867 i.
924 3825 952 3867 e.
972 3811 1089 3886 aptaet
1104 3805 1276 3885 operientia

353 3888 420 3947 sive
440 3889 521 3949 intus
543 3888 609 3949 sive
632 3887 705 3949 foris
727 3890 899 3969 cognoscit,
920 3889 980 3948 ista
1000 3888 1141 3949 similiter
1163 3887 1273 3949 cadem

353 3968 464 4050 diligit·
479 3989 545 4033 aaa
563 3977 677 4051 petens
704 3986 739 4033 se
767 3990 859 4053 super
889 3990 928 4033 aa
953 3971 1074 4050 leuare,
1103 3978 1140 4031 ut
1165 3970 1276 4052 diligat
