3075 4750
362 493 426 567 292
652 495 812 571 Disputatio
829 496 865 557 Ι.
882 497 995 556 uuum

363 689 461 750 mam,
488 669 514 729 si
541 667 720 750 infinitas1)
748 672 867 732 animas
895 669 1020 732 redimit
1044 675 1172 751 propter
1192 687 1286 750 peen-

363 753 446 813 niam
473 752 756 834 funestissimum)
785 754 826 814 ad
855 759 1039 815 strrroturam
1059 752 1226 832 basilicae,
1253 759 1287 812 ut

363 855 489 897 oausam
510 835 764 915 levissimsm³)?

445 919 504 994 83)
525 917 615 997 Item,
637 938 692 980 our
710 925 898 1001 peumenent
918 919 1088 998 exsequiae
1097 923 1131 978 st
1140 918 1285 978 anniver-

363 1003 445 1062 saria
470 1000 698 1082 dedruotomm,
727 1009 760 1064 et
787 1021 851 1064 nou
878 1001 1001 1083 reduit,
1024 1007 1080 1062 aut
1098 1000 1196 1081 recipi
1217 1019 1285 1080 per·

363 1085 456 1144 mittit
480 1082 631 1146 benefloia
658 1104 714 1165 pro
735 1085 798 1146 illis
817 1085 972 1165 inst'tuta,
1002 1103 1073 1145 oum
1093 1085 1157 1144 iam
1178 1084 1222 1145 sit
1241 1084 1286 1144 in·
1371 1160 1374 1167 y

363 1167 440 1226 iuris
461 1184 517 1247 pro
539 1166 707 1248 redemptis
729 1168 839 1236 orare?

445 1249 504 1324 84)
527 1249 615 1329 Item,
639 1269 719 1330 quae
741 1250 797 1312 illa
816 1269 901 1312 nova
923 1252 1023 1331 pietas
1038 1249 1099 1311 Dei
1119 1253 1152 1309 et
1171 1266 1215 1328 pe
1237 1267 1285 1326 ae,

364 1331 447 1411 quod
468 1333 564 1412 impio
587 1340 619 1394 et
637 1334 763 1395 iuimioo
785 1340 912 1477 propter
932 1333 1096 1414 pecuniam
1108 1267 1287 1392 oouoedunt

364 1415 497 1475 enimam
519 1416 602 1495 piem
633 1423 665 1476 et
687 1418 820 1478 amioem
868 1418 898 1476 ei
919 1415 1086 1493 redimere,
1124 1420 1286 1475 ettamen

363 1506 490 1579 propter
510 1499 726 1560 necessitatem
747 1499 911 1580 ipsiusmet
929 1500 1000 1580 piae
1020 1505 1055 1560 et
1073 1495 1211 1558 dileotee
1222 1497 1285 1557 aui·

364 1599 433 1642 mas
455 1599 517 1643 uon
539 1581 695 1642 redimunt
716 1601 786 1643 eum
806 1583 940 1663 gratuitu
960 1580 1109 1643 commta?

446 1665 504 1738 85)
528 1664 620 1743 Item,
650 1683 703 1725 eur
730 1681 867 1725 oenones
895 1664 1133 1745 poenitentiales
1159 1681 1195 1723 re
1217 1664 1285 1743 ipse

363 1754 396 1808 et
421 1765 486 1808 non
513 1766 568 1808 nau
594 1749 656 1808 iam
683 1745 734 1808 diu
760 1749 793 1808 in
822 1747 1083 1828 semetsbrogud
1103 1753 1136 1807 et
1157 1746 1285 1822 mortui,

363 1829 464 1890 adhue
486 1836 589 1892 tamen
609 1831 748 1911 peeuniis
769 1830 960 1892 redimuntur
980 1849 1037 1911 per
1045 1829 1285 1892 eoneessiouem

363 1911 622 1992 indulgentiarum
644 1919 790 1993 tauquam
811 1914 1022 1974 vivasissimi?

352 2047 362 2062 ,
445 1992 504 2075 86)
526 1995 613 2073 Item,
635 2013 688 2056 eur
708 2015 801 2078 pape,
824 1997 910 2058 euius
922 1993 1107 2076 opsshodis
1119 1998 1194 2055 suut
1210 2013 1284 2078 opu-

363 2078 542 2138 lentissimis
565 2079 676 2139 orestis
698 2080 883 2157 crassiores,
911 2095 975 2140 non
996 2078 1036 2139 de
1056 2078 1120 2138 suis
1141 2078 1284 2158 psonmis

362 2160 960 2309 ttint¹¹t3tttttmtttffl
988 2161 1077 2222 ”m
1096 2177 1200 2222 ‘¹⁰⁸³‘
1218 2168 1284 2222 ω’·

444 2325 503 2406 87)
526 2326 615 2408 Item,
636 2327 709 2409 quid
729 2328 858 2389 remittit
877 2334 931 2389 eut
950 2327 1114 2408 partieipat
1128 2341 1216 2408 pape
1236 2327 1283 2405 iis,

363 2411 414 2490 qui
435 2430 491 2490 per
512 2412 728 2472 contritionem
750 2411 918 2491 perieotem
938 2400 1114 2473 ius‘bebeut
1121 2410 1283 2491 plenariae

363 2494 555 2554 remissionis
578 2502 611 2555 et
632 2493 897 2575 participationis?

444 2576 503 2650 88)
527 2576 614 2657 item,
636 2576 709 2657 quid
730 2575 896 2638 adderetur
915 2576 1069 2638 ecelesiae
1089 2575 1283 2638 bouimaio·

361 2660 489 2803 doti
504 2659 952 2805 tittuttttffldttt
972 2658 1284 2823 858ὶῖῗὶἒὲοὲ

273 2876 279 2879 .
362 2823 527 2888 tribueret?

443 2908 503 2987 89)
527 2906 576 2967 Ex
604 2926 666 2987 quo
693 2928 777 2990 papa
807 2908 939 2971 salutem
965 2904 1084 2988 quaerit
1110 2909 1284 2969 animarum

363 3009 419 3071 per
439 2991 547 3051 venias
569 2992 667 3071 magis
689 3010 781 3071 quam
804 2993 968 3072 peounias,
990 3010 1044 3051 our
1064 2991 1231 3072 suspendit
1252 2991 1285 3051 li·

363 3080 445 3217 tefplas
468 3080 499 3135 et
518 3074 625 3135 venies
647 3074 710 3135 iam
732 3074 808 3137 olim
828 3092 1006 3154 tenesmos,
1027 3092 1097 3134 oum
1110 3075 1286 3155 siuteeque

363 3176 381 3217 e
415 3156 525 3218 oeees?

445 3242 503 3318 90)
524 3238 611 3300 Haeo
641 3238 910 3320 scrupulosissima
929 3240 1078 3301 laieorum
1100 3247 1287 3321 argumente

363 3322 432 3384 sole
452 3328 608 3403 potestate
630 3338 848 3403 oompeseere,
875 3342 935 3384 nee
955 3321 1077 3385 reddita
1096 3324 1223 3386 ratione
1243 3323 1286 3385 di·

362 3407 462 3485 luere,
501 3412 549 3467 est
576 3405 752 3467 ecelesiam·
767 3411 800 3467 et
825 3425 939 3487 papam
966 3404 1108 3467 hostibus
1135 3405 1287 3469 ridendos

363 3506 530 3569 exponere,
553 3495 585 3549 et
604 3487 743 3549 infeliees
766 3488 958 3550 Christianos
979 3489 1092 3549 faeere.

445 3574 504 3652 91)
528 3570 560 3634 Si
582 3589 656 3653 ergo
678 3572 789 3632 veniae
809 3572 979 3632 seeundum
1000 3573 1139 3653 spiritum
1156 3577 1191 3633 et
1201 3591 1286 3634 meu·

232 3642 235 3645 ’
362 3662 425 3717 tem
446 3673 548 3736 pupae
572 3653 837 3735 praediearentur,
865 3654 956 3716 faeile
976 3654 1032 3715 ille
1052 3655 1160 3716 omnia
1181 3655 1286 3719 solve·

362 3745 483 3818 rentur,
504 3739 567 3799 imo
589 3756 652 3799 uon
676 3745 790 3801 esseut.

416 3945 448 4012 1)
469 3944 551 4014 Apud
564 3962 589 3997 v.
602 3944 627 3998 d.
644 3943 744 3997 Herdt:
766 3960 829 3997 oum
852 3946 946 3995 tamen
968 3942 1099 3995 infinitas.
1144 3941 1179 4008 2)
1203 3943 1288 3999 reid:

362 4017 578 4089 funestissimam
589 4016 746 4085 pecuniam.
767 4015 800 4083 3)
808 4012 894 4069 ibid:
913 4028 984 4083 quae
995 3990 1288 4109 esteaffvissima
