3075 4750
345 469 409 542 3OE
724 477 882 534 sonuum
982 453 992 472 ³
1033 476 1040 484 '

344 647 533 730 praedisant,
554 667 610 729 per
631 665 733 730 papas
753 648 975 731 indulgentiam
994 647 1152 710 hominem
1174 667 1272 729 possa

345 733 385 794 ab
407 733 491 794 omni
512 750 616 828 poena
637 733 727 810 solvi,
749 738 782 793 et
801 732 926 811 salvari,
947 751 1043 830 error.
1150 815 1157 828 ·

344 899 375 960 in
398 813 1272 980 pprigptgtitgerpopppgmqppgtupeffittptrtinsmhaspiu:

345 980 513 1042 seeundum
535 999 672 1043 oanoues
696 981 829 1060 solvere,
850 999 948 1044 error.

426 1061 489 1206 48AE
510 1062 570 1160 Qui
599 1063 698 1125 solum
723 1065 968 1208 perfectissimos
989 1064 1097 1160 venias
1118 1063 1270 1160 noussqui

344 1151 599 1309 &iintttssss
618 1147 997 1309 {titttfflu‘ftts
1105 1146 1269 1226 'mm'

427 1313 486 1390 49)
509 1311 574 1374 lmo
589 1312 691 1374 etiam
712 1331 778 1375 non
798 1313 900 1374 solum
920 1313 1014 1393 plene
1029 1313 1193 1391 aontmtos,
1215 1311 1269 1373 sed

344 1395 465 1456 attritos
487 1404 519 1456 et
538 1413 594 1475 per
617 1395 847 1458 aunfsssionsm
868 1396 1029 1474 enutritos,
1051 1400 1143 1456 errat

426 1473 485 1560 50)
509 1476 654 1557 Quisquis
684 1471 879 1558 paucissimis
911 1477 943 1540 id
969 1479 1153 1558 contingere
1174 1497 1270 1558 posse

299 1589 308 1596 ·
343 1565 448 1640 putat,
478 1566 510 1620 et
532 1576 595 1622 nou
617 1560 773 1641 pluribus,
793 1560 824 1622 id
847 1560 931 1642 qnod
951 1560 1084 1623 iubileus
1106 1560 1207 1642 exigit
1227 1562 1269 1621 ia·

344 1643 511 1722 aientibus,
530 1649 619 1704 errat.
1098 1727 1105 1740 ·
1246 1695 1251 1707 ,

426 1730 485 1798 51)
508 1726 666 1806 Assersre,
687 1745 802 1808 papam
824 1745 888 1789 non
908 1726 1024 1790 habere
1045 1745 1198 1789 maronam
1219 1727 1269 1788 vel

343 1807 549 1870 effloaoiorem
570 1815 757 1890 potestatem
778 1811 809 1870 in
830 1810 1059 1891 purgatorium,
1080 1809 1271 1891 generaliter

343 1890 479 1972 suffragii
500 1892 600 1952 forma
619 1891 765 1954 iubilenm
786 1892 1002 1974 impartiendo,

425 1972 483 2049 52)
510 1973 610 2049 Quam
631 1975 771 2054 qualem,
802 1983 856 2037 ant
884 1982 1029 2054 quantam
1058 1973 1176 2036 habeat
1207 1975 1269 2054 spi-

342 2075 456 2136 saopns
487 2057 538 2117 vel
569 2057 719 2137 plebanus
740 2059 774 2120 in
805 2077 861 2120 sua
887 2058 1027 2120 dioenmi
1059 2063 1092 2118 et
1117 2057 1270 2139 parochia
1381 2072 1382 2117 ὲ

248 2195 251 2202 .
343 2139 529 2220 specialiter,
552 2159 644 2202 error.
1381 2140 1382 2147 ’

424 2224 483 2296 53)
506 2223 590 2304 Papa
623 2223 679 2285 etsi
712 2223 743 2284 in
774 2225 985 2306 purgatorium
1014 2222 1133 2284 nnllam
1154 2222 1270 2284 habeat

342 2305 438 2366 slavis
459 2311 655 2387 potestatem,
677 2305 773 2368 habet
793 2313 896 2368 tamen
917 2305 1064 2368 iubileum
1087 2305 1149 2366 illis
1172 2305 1269 2388 adpli-

341 2389 431 2450 uandi
454 2408 509 2469 per
530 2390 655 2451 modum
678 2389 815 2471 suffragii
835 2390 1045 2453 autoritatem.

423 2471 481 2552 54)
505 2472 594 2534 Hane
615 2474 645 2534 in
667 2474 880 2555 purgatorium
900 2469 1096 2535 autoritatem
1121 2471 1181 2535 sub
1200 2492 1268 2554 spe-

267 2562 276 2581 ¹
340 2556 388 2616 eia
409 2556 505 2615 atavis
526 2556 557 2617 in
578 2575 661 2637 papa
680 2573 814 2636 nogara,
838 2564 887 2619 est
906 2557 1028 2617 veritati
1049 2555 1269 2617 contradicere

340 2644 373 2699 et
393 2656 504 2699 errare

422 2719 480 2799 55)
504 2719 647 2781 Animam
684 2739 741 2802 pur
782 2727 849 2783 tam
876 2722 1018 2800 evolare,
1053 2726 1102 2781 est
1131 2715 1203 2781 eam
1224 2721 1267 2780 ri-

341 2803 509 2946 sionsdpei
534 2804 643 2883 potiri,
674 2824 735 2884 quo
791 2804 877 2866 nulla
903 2810 1010 2885 potest
1030 2803 1268 2883 intercapedine

340 2904 382 2947 nn
405 2906 423 2947 e
446 2906 491 2949 in.

383 2906 403 2966 p
423 2972 481 3045 56)
506 2968 650 3049 Quisquis
673 2989 748 3051 ergo
772 2969 864 3049 dioit,
886 2988 950 3031 non
972 2969 1062 3031 eitius
1083 2986 1180 3051 possa
1201 2970 1268 3029 ani-

339 3070 422 3113 mam
444 3052 579 3130 evolare,
601 3071 693 3133 qnam
714 3054 746 3113 iu
768 3052 864 3114 tundo
881 3054 978 3114 eistae
999 3052 1144 3114 denarius
1166 3052 1269 3131 possit

340 3135 461 3213 tinnire,
483 3141 565 3195 errat
577 3135 619 3213 ¹).

422 3218 480 3289 57)
504 3216 539 3278 In
562 3217 715 3299 suffragiis
745 3218 909 3299 publieutis
932 3237 1081 3299 quaerere
1101 3224 1266 3296 quaestum

340 3306 372 3361 et
402 3299 582 3421 arpi-itiam,
621 3300 676 3361 sed
698 3319 761 3363 nou
783 3302 872 3382 sequi
894 3303 1087 3383 purgationis
1109 3299 1266 3377 effectum,

340 3401 426 3444 error
455 3387 480 3461 ).

422 3468 480 3540 58)
504 3454 666 3544 Dubitare,
704 3467 731 3527 si
765 3485 876 3528 omnes
908 3467 1031 3529 animae
1051 3466 1177 3544 redimi,
1213 3473 1268 3527 aut

337 3547 517 3630 redemptae
529 3548 615 3609 exire
627 3549 724 3611 velint
734 3550 955 3630 purgatorium,
977 3550 1158 3611 manifestus
1169 3569 1267 3611 error.

345 3681 543 3723 ff--ss-

395 3775 425 3843 1)
451 3775 565 3829 Loeuch.
600 3776 672 3843 hanp
708 3782 805 3830 notum
840 3777 947 3833 adiicit:
990 3778 1110 3837 tPudors
1141 3782 1267 3835 suffusus

338 3843 475 3899 Tatnelius
506 3845 588 3899 effata
613 3864 663 3901 suu
688 3850 748 3917 ipss
778 3848 888 3903 delevit
933 3851 966 3913 2)
986 3849 1012 3903 Α
1031 3852 1103 3904 thesi
1121 3851 1156 3904 57
1176 3869 1268 3923 nsque

339 3916 374 3968 ad
399 3917 482 3969 finam
508 3919 610 3973 turbati
635 3924 700 3972 suut
716 3921 827 3973 numeri
844 3922 1016 3990 positionum
1033 3924 1063 3975 in
1081 3922 1125 3976 ad.
1145 3923 1269 3991 lunensi,

341 3991 368 4040 et
386 3988 541 4042 Positiones
560 3995 639 4044 erant
659 3990 720 4061 106,
738 3998 797 4045 non
817 3992 879 4063 107,
900 3997 931 4046 nt
948 3997 992 4046 est
1007 3994 1037 4047 in
1055 3992 1100 4048 ed.
1117 3993 1175 4049 Ian.
