<?xml version="1.0" encoding="UTF-8"?>
<!DOCTYPE html PUBLIC "-//W3C//DTD XHTML 1.0 Transitional//EN"
    "http://www.w3.org/TR/xhtml1/DTD/xhtml1-transitional.dtd">
<html xmlns="http://www.w3.org/1999/xhtml" xml:lang="en" lang="en">
 <head>
  <title>
</title>
<meta http-equiv="Content-Type" content="text/html;charset=utf-8" />
  <meta name='ocr-system' content='tesseract 3.04.00' />
  <meta name='ocr-capabilities' content='ocr_page ocr_carea ocr_par ocr_line ocrx_word'/>
</head>
<body>
  <div class='ocr_page' id='page_1' title='image "./operalatinavari01schmgoog_0010.png"; bbox 0 0 3075 4750; ppageno 0'>
   <div class='ocr_carea' id='block_1_1' title="bbox 331 450 860 532">
    <p class='ocr_par' dir='ltr' id='par_1_1' title="bbox 331 450 860 532">
     <span class='ocr_line' id='line_1_1' title="bbox 331 450 860 532; baseline 0 -14"><span class='ocrx_word' id='word_1_1' title='bbox 331 466 352 532; x_wconf 87' lang='lat'>2</span> <span class='ocrx_word' id='word_1_2' title='bbox 467 450 471 456; x_wconf 43' lang='lat'><strong>⁴</strong></span> <span class='ocrx_word' id='word_1_3' title='bbox 715 467 860 519; x_wconf 82' lang='lat' dir='ltr'><strong>Praelatio.</strong></span> 
     </span>
    </p>
   </div>
   <div class='ocr_carea' id='block_1_2' title="bbox 329 631 1252 1294">
    <p class='ocr_par' dir='ltr' id='par_1_2' title="bbox 329 631 1252 1294">
     <span class='ocr_line' id='line_1_2' title="bbox 332 631 1251 714; baseline -0.004 -18"><span class='ocrx_word' id='word_1_4' title='bbox 332 634 481 696; x_wconf 80' lang='lat' dir='ltr'><strong>momenti</strong></span> <span class='ocrx_word' id='word_1_5' title='bbox 510 634 540 694; x_wconf 92' lang='lat' dir='ltr'><strong>in</strong></span> <span class='ocrx_word' id='word_1_6' title='bbox 564 631 791 714; x_wconf 75' lang='lat' dir='ltr'>cognoscendis</span> <span class='ocrx_word' id='word_1_7' title='bbox 813 631 935 693; x_wconf 89' lang='lat' dir='ltr'><strong>Lutheri</strong></span> <span class='ocrx_word' id='word_1_8' title='bbox 957 633 1077 713; x_wconf 89' lang='lat' dir='ltr'><strong>scriptis</strong></span> <span class='ocrx_word' id='word_1_9' title='bbox 1104 632 1251 713; x_wconf 86' lang='lat' dir='ltr'><strong>temporis</strong></span> 
     </span>
     <span class='ocr_line' id='line_1_3' title="bbox 332 715 1250 794; baseline -0.003 -15"><span class='ocrx_word' id='word_1_10' title='bbox 332 717 470 779; x_wconf 80' lang='lat' dir='ltr'>ordinem</span> <span class='ocrx_word' id='word_1_11' title='bbox 482 722 624 777; x_wconf 84' lang='lat' dir='ltr'><strong>accurate</strong></span> <span class='ocrx_word' id='word_1_12' title='bbox 646 715 821 792; x_wconf 86' lang='lat' dir='ltr'><strong>observare,</strong></span> <span class='ocrx_word' id='word_1_13' title='bbox 844 716 900 775; x_wconf 85' lang='lat' dir='ltr'><strong>viri</strong></span> <span class='ocrx_word' id='word_1_14' title='bbox 913 715 996 776; x_wconf 92' lang='lat' dir='ltr'><strong>docti</strong></span> <span class='ocrx_word' id='word_1_15' title='bbox 1014 735 1169 794; x_wconf 88' lang='lat' dir='ltr'><strong>nunquam</strong></span> <span class='ocrx_word' id='word_1_16' title='bbox 1187 735 1250 776; x_wconf 91' lang='lat' dir='ltr'><strong>non</strong></span> 
     </span>
     <span class='ocr_line' id='line_1_4' title="bbox 331 795 1252 879; baseline -0.004 -17"><span class='ocrx_word' id='word_1_17' title='bbox 331 801 551 862; x_wconf 83' lang='lat' dir='ltr'><strong>intellexerunt</strong></span> <span class='ocrx_word' id='word_1_18' title='bbox 566 806 658 879; x_wconf 85' lang='lat' dir='ltr'><strong>atque</strong></span> <span class='ocrx_word' id='word_1_19' title='bbox 680 795 943 860; x_wconf 65' lang='lat' dir='ltr'><strong>commonuerunt.</strong></span> <span class='ocrx_word' id='word_1_20' title='bbox 987 797 1034 859; x_wconf 92' lang='lat' dir='ltr'><strong>Ob</strong></span> <span class='ocrx_word' id='word_1_21' title='bbox 1048 818 1116 859; x_wconf 91' lang='lat' dir='ltr'><strong>eam</strong></span> <span class='ocrx_word' id='word_1_22' title='bbox 1131 800 1252 878; x_wconf 83' lang='lat' dir='ltr'><strong>potissi·</strong></span> 
     </span>
     <span class='ocr_line' id='line_1_5' title="bbox 334 882 1252 968; baseline -0.002 -24"><span class='ocrx_word' id='word_1_23' title='bbox 334 904 415 944; x_wconf 93' lang='lat' dir='ltr'><strong>mum</strong></span> <span class='ocrx_word' id='word_1_24' title='bbox 437 902 501 942; x_wconf 90' lang='lat' dir='ltr'><strong>rem</strong></span> <span class='ocrx_word' id='word_1_25' title='bbox 523 882 672 968; x_wconf 84' lang='lat' dir='ltr'><strong>Lutherus</strong></span> <span class='ocrx_word' id='word_1_26' title='bbox 695 884 762 962; x_wconf 88' lang='lat' dir='ltr'><strong>ipse</strong></span> <span class='ocrx_word' id='word_1_27' title='bbox 783 883 814 941; x_wconf 92' lang='lat' dir='ltr'><strong>in</strong></span> <span class='ocrx_word' id='word_1_28' title='bbox 835 883 1043 962; x_wconf 80' lang='lat' dir='ltr'><strong>praefatione,</strong></span> <span class='ocrx_word' id='word_1_29' title='bbox 1065 901 1156 961; x_wconf 88' lang='lat' dir='ltr'><strong>quam</strong></span> <span class='ocrx_word' id='word_1_30' title='bbox 1180 901 1252 961; x_wconf 91' lang='lat' dir='ltr'><strong>ope·</strong></span> 
     </span>
     <span class='ocr_line' id='line_1_6' title="bbox 329 963 1250 1045; baseline 0.002 -19"><span class='ocrx_word' id='word_1_31' title='bbox 329 986 394 1026; x_wconf 91' lang='lat' dir='ltr'><strong>rum</strong></span> <span class='ocrx_word' id='word_1_32' title='bbox 426 984 549 1026; x_wconf 89' lang='lat' dir='ltr'><strong>suorum</strong></span> <span class='ocrx_word' id='word_1_33' title='bbox 594 964 720 1026; x_wconf 88' lang='lat' dir='ltr'><strong>editioni</strong></span> <span class='ocrx_word' id='word_1_34' title='bbox 756 963 1014 1045; x_wconf 89' lang='lat' dir='ltr'><strong>Vittembergensi</strong></span> <span class='ocrx_word' id='word_1_35' title='bbox 1052 983 1133 1025; x_wconf 85' lang='lat' dir='ltr'><strong>enno</strong></span> <span class='ocrx_word' id='word_1_36' title='bbox 1171 965 1250 1028; x_wconf 89' lang='grc'>1545</span> 
     </span>
     <span class='ocr_line' id='line_1_7' title="bbox 329 1047 1251 1128; baseline 0 -21"><span class='ocrx_word' id='word_1_37' title='bbox 329 1049 487 1128; x_wconf 81' lang='lat' dir='ltr'><strong>praemisit</strong></span> <span class='ocrx_word' id='word_1_38' title='bbox 522 1055 552 1108; x_wconf 91' lang='lat' dir='ltr'><strong>et</strong></span> <span class='ocrx_word' id='word_1_39' title='bbox 584 1065 664 1126; x_wconf 89' lang='lat' dir='ltr'><strong>quae</strong></span> <span class='ocrx_word' id='word_1_40' title='bbox 694 1049 725 1108; x_wconf 92' lang='lat' dir='ltr'><strong>iu</strong></span> <span class='ocrx_word' id='word_1_41' title='bbox 759 1047 895 1112; x_wconf 81' lang='lat' dir='ltr'><strong>editione</strong></span> <span class='ocrx_word' id='word_1_42' title='bbox 928 1048 1057 1110; x_wconf 74' lang='lat' dir='ltr'><strong>lenensi</strong></span> <span class='ocrx_word' id='word_1_43' title='bbox 1094 1048 1251 1127; x_wconf 84' lang='lat' dir='ltr'><strong>repetitur,</strong></span> 
     </span>
     <span class='ocr_line' id='line_1_8' title="bbox 329 1130 1251 1211; baseline 0 -21"><span class='ocrx_word' id='word_1_44' title='bbox 329 1137 436 1211; x_wconf 86' lang='lat' dir='ltr'><strong>aperte</strong></span> <span class='ocrx_word' id='word_1_45' title='bbox 456 1131 579 1193; x_wconf 87' lang='lat' dir='ltr'><strong>fatetur:</strong></span> <span class='ocrx_word' id='word_1_46' title='bbox 604 1149 637 1190; x_wconf 89' lang='lat' dir='ltr'><strong>se</strong></span> <span class='ocrx_word' id='word_1_47' title='bbox 658 1149 750 1190; x_wconf 90' lang='lat' dir='ltr'><strong>unum</strong></span> <span class='ocrx_word' id='word_1_48' title='bbox 773 1131 866 1190; x_wconf 86' lang='lat' dir='ltr'><strong>fuisse</strong></span> <span class='ocrx_word' id='word_1_49' title='bbox 889 1150 928 1190; x_wconf 87' lang='lat' dir='ltr'><strong>ex</strong></span> <span class='ocrx_word' id='word_1_50' title='bbox 949 1130 1020 1209; x_wconf 90' lang='lat' dir='ltr'><strong>illis,</strong></span> <span class='ocrx_word' id='word_1_51' title='bbox 1043 1131 1094 1209; x_wconf 90' lang='lat' dir='ltr'><strong>qui</strong></span> <span class='ocrx_word' id='word_1_52' title='bbox 1117 1130 1251 1204; x_wconf 75' lang='grc' dir='ltr'>(01Αο-</span> 
     </span>
     <span class='ocr_line' id='line_1_9' title="bbox 329 1208 1251 1294; baseline 0.001 -22"><span class='ocrx_word' id='word_1_53' title='bbox 329 1215 467 1294; x_wconf 90' lang='lat' dir='ltr'><strong>gustinus</strong></span> <span class='ocrx_word' id='word_1_54' title='bbox 489 1213 528 1273; x_wconf 96' lang='lat' dir='ltr'><strong>de</strong></span> <span class='ocrx_word' id='word_1_55' title='bbox 558 1233 591 1274; x_wconf 91' lang='lat' dir='ltr'><strong>se</strong></span> <span class='ocrx_word' id='word_1_56' title='bbox 613 1213 734 1287; x_wconf 76' lang='lat' dir='ltr'><strong>scribit)</strong></span> <span class='ocrx_word' id='word_1_57' title='bbox 766 1208 928 1274; x_wconf 77' lang='lat' dir='ltr'><strong>scribendo</strong></span> <span class='ocrx_word' id='word_1_58' title='bbox 958 1219 989 1272; x_wconf 91' lang='lat' dir='ltr'><strong>et</strong></span> <span class='ocrx_word' id='word_1_59' title='bbox 1019 1212 1160 1273; x_wconf 91' lang='lat' dir='ltr'><strong>docendo</strong></span> <span class='ocrx_word' id='word_1_60' title='bbox 1181 1232 1251 1292; x_wconf 91' lang='lat' dir='ltr'><strong>pro-</strong></span> 
     </span>
    </p>
   </div>
   <div class='ocr_carea' id='block_1_3' title="bbox 319 1295 1402 1380">
    <p class='ocr_par' dir='ltr' id='par_1_3' title="bbox 319 1295 1402 1380">
     <span class='ocr_line' id='line_1_10' title="bbox 319 1295 1402 1380; baseline 0 -25"><span class='ocrx_word' id='word_1_61' title='bbox 319 1297 472 1380; x_wconf 60' lang='lat' dir='ltr'><strong>fecerint,</strong></span> <span class='ocrx_word' id='word_1_62' title='bbox 507 1316 569 1356; x_wconf 91' lang='lat' dir='ltr'><strong>non</strong></span> <span class='ocrx_word' id='word_1_63' title='bbox 593 1316 632 1357; x_wconf 85' lang='lat' dir='ltr'><strong>ex</strong></span> <span class='ocrx_word' id='word_1_64' title='bbox 653 1296 729 1374; x_wconf 81' lang='lat' dir='ltr'><strong>illis,</strong></span> <span class='ocrx_word' id='word_1_65' title='bbox 761 1297 813 1374; x_wconf 88' lang='lat' dir='ltr'><strong>qui</strong></span> <span class='ocrx_word' id='word_1_66' title='bbox 841 1296 880 1355; x_wconf 92' lang='lat' dir='ltr'><strong>de</strong></span> <span class='ocrx_word' id='word_1_67' title='bbox 909 1296 1003 1356; x_wconf 91' lang='lat' dir='ltr'><strong>nihilo</strong></span> <span class='ocrx_word' id='word_1_68' title='bbox 1026 1302 1153 1375; x_wconf 89' lang='lat' dir='ltr'><strong>repente</strong></span> <span class='ocrx_word' id='word_1_69' title='bbox 1175 1295 1253 1355; x_wconf 88' lang='lat' dir='ltr'><strong>fiunt</strong></span> <span class='ocrx_word' id='word_1_70' title='bbox 1330 1311 1334 1321; x_wconf 68' lang='lat'>‘</span> <span class='ocrx_word' id='word_1_71' title='bbox 1401 1316 1402 1337; x_wconf 60' lang='lat'>¹</span> 
     </span>
    </p>
   </div>
   <div class='ocr_carea' id='block_1_4' title="bbox 321 1374 1253 3285">
    <p class='ocr_par' dir='ltr' id='par_1_4' title="bbox 321 1374 1253 3285">
     <span class='ocr_line' id='line_1_11' title="bbox 328 1374 1252 1458; baseline -0.004 -17"><span class='ocrx_word' id='word_1_72' title='bbox 328 1381 454 1457; x_wconf 84' lang='lat' dir='ltr'><strong>summi,</strong></span> <span class='ocrx_word' id='word_1_73' title='bbox 484 1397 553 1440; x_wconf 90' lang='lat' dir='ltr'><strong>cum</strong></span> <span class='ocrx_word' id='word_1_74' title='bbox 576 1379 652 1440; x_wconf 87' lang='lat' dir='ltr'><strong>nibil</strong></span> <span class='ocrx_word' id='word_1_75' title='bbox 675 1380 858 1458; x_wconf 75' lang='lat' dir='ltr'><strong>sintneque</strong></span> <span class='ocrx_word' id='word_1_76' title='bbox 880 1374 1000 1458; x_wconf 86' lang='lat' dir='ltr'><strong>operati</strong></span> <span class='ocrx_word' id='word_1_77' title='bbox 1019 1398 1122 1457; x_wconf 88' lang='lat' dir='ltr'><strong>neque</strong></span> <span class='ocrx_word' id='word_1_78' title='bbox 1142 1379 1252 1438; x_wconf 80' lang='lat' dir='ltr'><strong>tentati</strong></span> 
     </span>
     <span class='ocr_line' id='line_1_12' title="bbox 328 1461 1252 1542; baseline -0.002 -18"><span class='ocrx_word' id='word_1_79' title='bbox 328 1479 430 1540; x_wconf 84' lang='lat' dir='ltr'><strong>neque</strong></span> <span class='ocrx_word' id='word_1_80' title='bbox 452 1461 657 1542; x_wconf 63' lang='lat' dir='ltr'><strong>experti-sed</strong></span> <span class='ocrx_word' id='word_1_81' title='bbox 678 1461 833 1524; x_wconf 82' lang='lat' dir='ltr'><strong>adunam</strong></span> <span class='ocrx_word' id='word_1_82' title='bbox 856 1463 998 1522; x_wconf 88' lang='lat' dir='ltr'><strong>intuitum</strong></span> <span class='ocrx_word' id='word_1_83' title='bbox 1011 1462 1185 1540; x_wconf 66' lang='lat' dir='ltr'><strong>&#39;scripturae</strong></span> <span class='ocrx_word' id='word_1_84' title='bbox 1206 1467 1252 1522; x_wconf 81' lang='grc'><strong>10</strong></span> 
     </span>
     <span class='ocr_line' id='line_1_13' title="bbox 329 1544 1253 1624; baseline -0.001 -18"><span class='ocrx_word' id='word_1_85' title='bbox 329 1552 393 1606; x_wconf 91' lang='lat' dir='ltr'><strong>tum</strong></span> <span class='ocrx_word' id='word_1_86' title='bbox 408 1545 547 1624; x_wconf 73' lang='lat' dir='ltr'><strong>spintum</strong></span> <span class='ocrx_word' id='word_1_87' title='bbox 559 1546 624 1606; x_wconf 91' lang='lat' dir='ltr'><strong>eius</strong></span> <span class='ocrx_word' id='word_1_88' title='bbox 647 1545 838 1606; x_wconf 75' lang='lat' dir='ltr'><strong>exhauriunt.</strong></span> <span class='ocrx_word' id='word_1_89' title='bbox 880 1544 999 1605; x_wconf 84' lang='lat' dir='ltr'><strong>Eadem</strong></span> <span class='ocrx_word' id='word_1_90' title='bbox 1011 1544 1253 1605; x_wconf 77' lang='lat' dir='ltr'><strong>luculentissime</strong></span> 
     </span>
     <span class='ocr_line' id='line_1_14' title="bbox 329 1627 1252 1773; baseline -0.004 -81"><span class='ocrx_word' id='word_1_91' title='bbox 329 1627 721 1692; x_wconf 79' lang='lat' dir='ltr'><strong>demonstratNioolaus</strong></span> <span class='ocrx_word' id='word_1_92' title='bbox 737 1627 992 1773; x_wconf 55' lang='lat' dir='ltr'><strong>Amffloriius</strong></span> <span class='ocrx_word' id='word_1_93' title='bbox 1007 1628 1039 1688; x_wconf 86' lang='lat' dir='ltr'><strong>in</strong></span> <span class='ocrx_word' id='word_1_94' title='bbox 1050 1628 1252 1708; x_wconf 80' lang='lat' dir='ltr'><strong>praefatione,</strong></span> 
     </span>
     <span class='ocr_line' id='line_1_15' title="bbox 329 1710 1252 1792; baseline -0.002 -21"><span class='ocrx_word' id='word_1_95' title='bbox 329 1729 524 1789; x_wconf 86' lang='lat' dir='ltr'><strong>quameuno</strong></span> <span class='ocrx_word' id='word_1_96' title='bbox 551 1715 628 1775; x_wconf 89' lang='grc'>1555</span> <span class='ocrx_word' id='word_1_97' title='bbox 649 1713 680 1771; x_wconf 90' lang='lat' dir='ltr'><strong>in</strong></span> <span class='ocrx_word' id='word_1_98' title='bbox 702 1712 801 1792; x_wconf 87' lang='lat' dir='ltr'><strong>primu</strong></span> <span class='ocrx_word' id='word_1_99' title='bbox 859 1711 1169 1790; x_wconf 81' lang='lat' dir='ltr'><strong>omumoonscripsit</strong></span> <span class='ocrx_word' id='word_1_100' title='bbox 1189 1710 1252 1770; x_wconf 89' lang='lat' dir='ltr'><strong>col·</strong></span> 
     </span>
     <span class='ocr_line' id='line_1_16' title="bbox 328 1793 1253 1872; baseline -0.004 -14"><span class='ocrx_word' id='word_1_101' title='bbox 328 1793 473 1858; x_wconf 84' lang='lat' dir='ltr'><strong>lectionis</strong></span> <span class='ocrx_word' id='word_1_102' title='bbox 505 1793 647 1854; x_wconf 81' lang='lat' dir='ltr'><strong>lenensis</strong></span> <span class='ocrx_word' id='word_1_103' title='bbox 680 1813 808 1872; x_wconf 86' lang='lat' dir='ltr'><strong>operum</strong></span> <span class='ocrx_word' id='word_1_104' title='bbox 834 1793 1087 1854; x_wconf 80' lang='lat' dir='ltr'><strong>Germanicorum</strong></span> <span class='ocrx_word' id='word_1_105' title='bbox 1117 1793 1253 1869; x_wconf 84' lang='lat' dir='ltr'><strong>Lutheri,</strong></span> 
     </span>
     <span class='ocr_line' id='line_1_17' title="bbox 327 1876 1252 1956; baseline -0.001 -20"><span class='ocrx_word' id='word_1_106' title='bbox 327 1882 362 1953; x_wconf 82' lang='lat' dir='ltr'><strong>et</strong></span> <span class='ocrx_word' id='word_1_107' title='bbox 376 1894 468 1955; x_wconf 84' lang='lat' dir='ltr'><strong>quem</strong></span> <span class='ocrx_word' id='word_1_108' title='bbox 489 1877 521 1936; x_wconf 92' lang='lat' dir='ltr'><strong>iu</strong></span> <span class='ocrx_word' id='word_1_109' title='bbox 544 1895 718 1940; x_wconf 86' lang='lat' dir='ltr'><strong>sermonem</strong></span> <span class='ocrx_word' id='word_1_110' title='bbox 738 1877 878 1936; x_wconf 83' lang='lat' dir='ltr'><strong>Latinum</strong></span> <span class='ocrx_word' id='word_1_111' title='bbox 901 1896 920 1934; x_wconf 87' lang='lat' dir='ltr'><strong>a</strong></span> <span class='ocrx_word' id='word_1_112' title='bbox 942 1876 1076 1955; x_wconf 87' lang='lat' dir='ltr'><strong>quodam</strong></span> <span class='ocrx_word' id='word_1_113' title='bbox 1097 1876 1252 1956; x_wconf 75' lang='lat' dir='ltr'><strong>evangelii</strong></span> 
     </span>
     <span class='ocr_line' id='line_1_18' title="bbox 326 1958 1251 2038; baseline -0.005 -16"><span class='ocrx_word' id='word_1_114' title='bbox 326 1958 467 2022; x_wconf 74' lang='lat' dir='ltr'><strong>studioso</strong></span> <span class='ocrx_word' id='word_1_115' title='bbox 498 1973 678 2020; x_wconf 85' lang='lat' dir='ltr'><strong>conversam</strong></span> <span class='ocrx_word' id='word_1_116' title='bbox 710 1961 863 2038; x_wconf 85' lang='lat' dir='ltr'><strong>inprime</strong></span> <span class='ocrx_word' id='word_1_117' title='bbox 893 1960 1050 2020; x_wconf 83' lang='lat' dir='ltr'><strong>volumine</strong></span> <span class='ocrx_word' id='word_1_118' title='bbox 1077 1960 1251 2020; x_wconf 81' lang='lat' dir='ltr'><strong>invenimus</strong></span> 
     </span>
     <span class='ocr_line' id='line_1_19' title="bbox 329 2041 1251 2121; baseline -0.001 -17"><span class='ocrx_word' id='word_1_119' title='bbox 329 2059 456 2121; x_wconf 83' lang='lat' dir='ltr'><strong>operum</strong></span> <span class='ocrx_word' id='word_1_120' title='bbox 468 2041 591 2102; x_wconf 88' lang='lat' dir='ltr'><strong>Lutheri</strong></span> <span class='ocrx_word' id='word_1_121' title='bbox 602 2043 789 2121; x_wconf 84' lang='lat' dir='ltr'><strong>Latinorum,</strong></span> <span class='ocrx_word' id='word_1_122' title='bbox 810 2062 891 2121; x_wconf 83' lang='lat' dir='ltr'><strong>quoe</strong></span> <span class='ocrx_word' id='word_1_123' title='bbox 903 2041 1018 2102; x_wconf 87' lang='lat' dir='ltr'><strong>ibidem</strong></span> <span class='ocrx_word' id='word_1_124' title='bbox 1032 2042 1104 2104; x_wconf 91' lang='lat' dir='ltr'><strong>inde</strong></span> <span class='ocrx_word' id='word_1_125' title='bbox 1116 2043 1154 2103; x_wconf 84' lang='lat' dir='ltr'><strong>eb</strong></span> <span class='ocrx_word' id='word_1_126' title='bbox 1167 2061 1251 2103; x_wconf 87' lang='lat' dir='ltr'><strong>anno</strong></span> 
     </span>
     <span class='ocr_line' id='line_1_20' title="bbox 329 2123 1251 2206; baseline -0.002 -18"><span class='ocrx_word' id='word_1_127' title='bbox 329 2128 409 2189; x_wconf 86' lang='grc'>1556</span> <span class='ocrx_word' id='word_1_128' title='bbox 438 2144 535 2203; x_wconf 88' lang='lat' dir='ltr'><strong>usque</strong></span> <span class='ocrx_word' id='word_1_129' title='bbox 563 2123 603 2184; x_wconf 87' lang='lat' dir='ltr'><strong>ad</strong></span> <span class='ocrx_word' id='word_1_130' title='bbox 630 2145 743 2186; x_wconf 87' lang='lat' dir='ltr'><strong>ennum</strong></span> <span class='ocrx_word' id='word_1_131' title='bbox 777 2125 857 2190; x_wconf 83' lang='grc'>1558</span> <span class='ocrx_word' id='word_1_132' title='bbox 884 2127 966 2204; x_wconf 84' lang='lat' dir='ltr'><strong>typis</strong></span> <span class='ocrx_word' id='word_1_133' title='bbox 994 2145 1142 2206; x_wconf 84' lang='lat' dir='ltr'><strong>expressa</strong></span> <span class='ocrx_word' id='word_1_134' title='bbox 1170 2132 1251 2186; x_wconf 78' lang='lat' dir='ltr'><strong>eunt</strong></span> 
     </span>
     <span class='ocr_line' id='line_1_21' title="bbox 328 2206 1252 2288; baseline 0 -22"><span class='ocrx_word' id='word_1_135' title='bbox 328 2206 596 2281; x_wconf 73' lang='lat' dir='ltr'><strong>QuseAmsdortii</strong></span> <span class='ocrx_word' id='word_1_136' title='bbox 617 2208 766 2288; x_wconf 84' lang='lat' dir='ltr'><strong>praefatio</strong></span> <span class='ocrx_word' id='word_1_137' title='bbox 788 2227 975 2287; x_wconf 85' lang='lat' dir='ltr'><strong>quamquam</strong></span> <span class='ocrx_word' id='word_1_138' title='bbox 993 2207 1252 2286; x_wconf 84' lang='lat' dir='ltr'><strong>nonnullaaffert,</strong></span> 
     </span>
     <span class='ocr_line' id='line_1_22' title="bbox 328 2289 1251 2371; baseline 0.001 -22"><span class='ocrx_word' id='word_1_139' title='bbox 328 2289 447 2368; x_wconf 87' lang='lat' dir='ltr'><strong>quibus,</strong></span> <span class='ocrx_word' id='word_1_140' title='bbox 470 2309 549 2368; x_wconf 84' lang='lat' dir='ltr'><strong>quoe</strong></span> <span class='ocrx_word' id='word_1_141' title='bbox 561 2293 639 2351; x_wconf 88' lang='lat' dir='ltr'><strong>ratio</strong></span> <span class='ocrx_word' id='word_1_142' title='bbox 661 2291 834 2352; x_wconf 89' lang='lat' dir='ltr'><strong>intercedat</strong></span> <span class='ocrx_word' id='word_1_143' title='bbox 844 2292 924 2351; x_wconf 92' lang='lat' dir='ltr'><strong>inter</strong></span> <span class='ocrx_word' id='word_1_144' title='bbox 937 2291 1105 2352; x_wconf 88' lang='lat' dir='ltr'><strong>editionem</strong></span> <span class='ocrx_word' id='word_1_145' title='bbox 1121 2310 1251 2371; x_wconf 89' lang='lat' dir='ltr'><strong>operum</strong></span> 
     </span>
     <span class='ocr_line' id='line_1_23' title="bbox 326 2374 1251 2456; baseline -0.002 -19"><span class='ocrx_word' id='word_1_146' title='bbox 326 2374 450 2437; x_wconf 76' lang='lat' dir='ltr'><strong>lutheri</strong></span> <span class='ocrx_word' id='word_1_147' title='bbox 463 2374 759 2456; x_wconf 85' lang='lat' dir='ltr'><strong>Vittembergensem</strong></span> <span class='ocrx_word' id='word_1_148' title='bbox 783 2383 815 2435; x_wconf 92' lang='lat' dir='ltr'><strong>et</strong></span> <span class='ocrx_word' id='word_1_149' title='bbox 824 2375 1000 2454; x_wconf 73' lang='lat' dir='ltr'><strong>lexiensem,</strong></span> <span class='ocrx_word' id='word_1_150' title='bbox 1024 2375 1186 2455; x_wconf 85' lang='lat' dir='ltr'><strong>diligenter</strong></span> <span class='ocrx_word' id='word_1_151' title='bbox 1200 2375 1251 2435; x_wconf 78' lang='lat' dir='ltr'><strong>de</strong></span> 
     </span>
     <span class='ocr_line' id='line_1_24' title="bbox 327 2458 1250 2538; baseline -0.005 -16"><span class='ocrx_word' id='word_1_152' title='bbox 327 2463 529 2537; x_wconf 79' lang='lat' dir='ltr'><strong>monstretur,</strong></span> <span class='ocrx_word' id='word_1_153' title='bbox 552 2465 654 2518; x_wconf 87' lang='lat' dir='ltr'><strong>tamen</strong></span> <span class='ocrx_word' id='word_1_154' title='bbox 677 2478 739 2519; x_wconf 86' lang='lat' dir='ltr'><strong>non</strong></span> <span class='ocrx_word' id='word_1_155' title='bbox 764 2458 969 2518; x_wconf 80' lang='lat' dir='ltr'><strong>dubitavimus</strong></span> <span class='ocrx_word' id='word_1_156' title='bbox 993 2479 1062 2518; x_wconf 88' lang='lat' dir='ltr'><strong>earn</strong></span> <span class='ocrx_word' id='word_1_157' title='bbox 1088 2460 1138 2517; x_wconf 84' lang='lat' dir='ltr'><strong>liic</strong></span> <span class='ocrx_word' id='word_1_158' title='bbox 1167 2458 1250 2538; x_wconf 82' lang='lat' dir='ltr'><strong>typis</strong></span> 
     </span>
     <span class='ocr_line' id='line_1_25' title="bbox 329 2540 1249 2621; baseline 0.003 -22"><span class='ocrx_word' id='word_1_159' title='bbox 329 2540 528 2620; x_wconf 83' lang='lat' dir='ltr'><strong>repetendam</strong></span> <span class='ocrx_word' id='word_1_160' title='bbox 551 2560 674 2619; x_wconf 82' lang='lat' dir='ltr'><strong>curare3</strong></span> <span class='ocrx_word' id='word_1_161' title='bbox 697 2561 766 2600; x_wconf 88' lang='lat' dir='ltr'><strong>nam</strong></span> <span class='ocrx_word' id='word_1_162' title='bbox 781 2542 807 2599; x_wconf 88' lang='lat' dir='ltr'><strong>si</strong></span> <span class='ocrx_word' id='word_1_163' title='bbox 829 2541 991 2602; x_wconf 85' lang='lat' dir='ltr'><strong>exordium</strong></span> <span class='ocrx_word' id='word_1_164' title='bbox 1002 2543 1171 2621; x_wconf 74' lang='lat' dir='ltr'><strong>exceperis,</strong></span> <span class='ocrx_word' id='word_1_165' title='bbox 1187 2560 1249 2619; x_wconf 91' lang='lat' dir='ltr'><strong>quo</strong></span> 
     </span>
     <span class='ocr_line' id='line_1_26' title="bbox 321 2621 1249 2703; baseline 0.002 -22"><span class='ocrx_word' id='word_1_166' title='bbox 321 2622 369 2698; x_wconf 56' lang='lat' dir='ltr'><strong>,ed</strong></span> <span class='ocrx_word' id='word_1_167' title='bbox 391 2642 486 2701; x_wconf 87' lang='lat' dir='ltr'><strong>opera</strong></span> <span class='ocrx_word' id='word_1_168' title='bbox 497 2623 619 2683; x_wconf 85' lang='lat' dir='ltr'><strong>Lutheri</strong></span> <span class='ocrx_word' id='word_1_169' title='bbox 633 2621 863 2703; x_wconf 79' lang='lat' dir='ltr'><strong>Vittembergae</strong></span> <span class='ocrx_word' id='word_1_170' title='bbox 885 2623 969 2684; x_wconf 83' lang='lat' dir='ltr'><strong>edita</strong></span> <span class='ocrx_word' id='word_1_171' title='bbox 986 2630 1094 2685; x_wconf 83' lang='lat' dir='ltr'><strong>auctor</strong></span> <span class='ocrx_word' id='word_1_172' title='bbox 1113 2625 1249 2703; x_wconf 76' lang='lat' dir='ltr'><strong>respicit,</strong></span> 
     </span>
     <span class='ocr_line' id='line_1_27' title="bbox 329 2705 1248 2786; baseline 0.004 -23"><span class='ocrx_word' id='word_1_173' title='bbox 329 2710 396 2765; x_wconf 84' lang='lat' dir='ltr'><strong>tote</strong></span> <span class='ocrx_word' id='word_1_174' title='bbox 416 2705 608 2783; x_wconf 75' lang='lat' dir='ltr'><strong>praefatione</strong></span> <span class='ocrx_word' id='word_1_175' title='bbox 638 2706 762 2785; x_wconf 83' lang='lat' dir='ltr'><strong>egregie</strong></span> <span class='ocrx_word' id='word_1_176' title='bbox 784 2705 946 2786; x_wconf 87' lang='lat' dir='ltr'><strong>docemur,</strong></span> <span class='ocrx_word' id='word_1_177' title='bbox 969 2728 1030 2786; x_wconf 88' lang='lat' dir='ltr'><strong>qua</strong></span> <span class='ocrx_word' id='word_1_178' title='bbox 1051 2709 1171 2769; x_wconf 89' lang='lat' dir='ltr'><strong>ratione</strong></span> <span class='ocrx_word' id='word_1_179' title='bbox 1193 2707 1248 2767; x_wconf 89' lang='lat' dir='ltr'><strong>Lu-</strong></span> 
     </span>
     <span class='ocr_line' id='line_1_28' title="bbox 329 2786 1251 2870; baseline 0.004 -24"><span class='ocrx_word' id='word_1_180' title='bbox 329 2786 434 2847; x_wconf 84' lang='lat' dir='ltr'><strong>therus</strong></span> <span class='ocrx_word' id='word_1_181' title='bbox 454 2789 565 2868; x_wconf 91' lang='lat' dir='ltr'><strong>ipsein</strong></span> <span class='ocrx_word' id='word_1_182' title='bbox 588 2790 766 2869; x_wconf 82' lang='lat' dir='ltr'><strong>cognitione</strong></span> <span class='ocrx_word' id='word_1_183' title='bbox 781 2791 917 2850; x_wconf 83' lang='lat' dir='ltr'><strong>veritatis</strong></span> <span class='ocrx_word' id='word_1_184' title='bbox 941 2791 1063 2850; x_wconf 84' lang='lat' dir='ltr'><strong>divinae</strong></span> <span class='ocrx_word' id='word_1_185' title='bbox 1084 2791 1251 2870; x_wconf 84' lang='lat' dir='ltr'><strong>profecerit</strong></span> 
     </span>
     <span class='ocr_line' id='line_1_29' title="bbox 329 2872 1249 2953; baseline 0.002 -22"><span class='ocrx_word' id='word_1_186' title='bbox 329 2872 497 2949; x_wconf 81' lang='lat' dir='ltr'><strong>quantique</strong></span> <span class='ocrx_word' id='word_1_187' title='bbox 522 2872 640 2931; x_wconf 89' lang='lat' dir='ltr'><strong>intersit</strong></span> <span class='ocrx_word' id='word_1_188' title='bbox 668 2879 840 2951; x_wconf 85' lang='lat' dir='ltr'><strong>temporum</strong></span> <span class='ocrx_word' id='word_1_189' title='bbox 870 2875 980 2934; x_wconf 86' lang='lat' dir='ltr'><strong>seriem</strong></span> <span class='ocrx_word' id='word_1_190' title='bbox 1002 2873 1166 2953; x_wconf 87' lang='lat' dir='ltr'><strong>diligenter</strong></span> <span class='ocrx_word' id='word_1_191' title='bbox 1187 2892 1249 2933; x_wconf 85' lang='lat' dir='ltr'><strong>ser-</strong></span> 
     </span>
     <span class='ocr_line' id='line_1_30' title="bbox 329 2954 1249 3036; baseline 0.003 -24"><span class='ocrx_word' id='word_1_192' title='bbox 329 2972 402 3015; x_wconf 89' lang='lat' dir='ltr'><strong>vare</strong></span> <span class='ocrx_word' id='word_1_193' title='bbox 423 2955 454 3013; x_wconf 90' lang='lat' dir='ltr'><strong>in</strong></span> <span class='ocrx_word' id='word_1_194' title='bbox 475 2956 594 3033; x_wconf 89' lang='lat' dir='ltr'><strong>scriptis</strong></span> <span class='ocrx_word' id='word_1_195' title='bbox 616 2954 738 3015; x_wconf 86' lang='lat' dir='ltr'><strong>Lutheri</strong></span> <span class='ocrx_word' id='word_1_196' title='bbox 765 2962 797 3015; x_wconf 91' lang='lat' dir='ltr'><strong>et</strong></span> <span class='ocrx_word' id='word_1_197' title='bbox 818 2956 957 3036; x_wconf 88' lang='lat' dir='ltr'><strong>legendis</strong></span> <span class='ocrx_word' id='word_1_198' title='bbox 986 2964 1017 3016; x_wconf 93' lang='lat' dir='ltr'><strong>et</strong></span> <span class='ocrx_word' id='word_1_199' title='bbox 1036 2963 1120 3017; x_wconf 89' lang='lat' dir='ltr'><strong>recte</strong></span> <span class='ocrx_word' id='word_1_200' title='bbox 1142 2957 1249 3016; x_wconf 91' lang='lat' dir='ltr'><strong>diiudi-</strong></span> 
     </span>
     <span class='ocr_line' id='line_1_31' title="bbox 329 3036 1249 3118; baseline 0.002 -22"><span class='ocrx_word' id='word_1_201' title='bbox 329 3036 444 3097; x_wconf 86' lang='lat' dir='ltr'><strong>candis.</strong></span> <span class='ocrx_word' id='word_1_202' title='bbox 487 3037 655 3116; x_wconf 76' lang='lat' dir='ltr'><strong>Utramque</strong></span> <span class='ocrx_word' id='word_1_203' title='bbox 676 3038 768 3118; x_wconf 88' lang='lat' dir='ltr'><strong>igitur</strong></span> <span class='ocrx_word' id='word_1_204' title='bbox 788 3040 1011 3118; x_wconf 82' lang='lat' dir='ltr'><strong>praefationem</strong></span> <span class='ocrx_word' id='word_1_205' title='bbox 1033 3046 1064 3099; x_wconf 89' lang='lat' dir='ltr'><strong>et</strong></span> <span class='ocrx_word' id='word_1_206' title='bbox 1080 3039 1249 3100; x_wconf 79' lang='lat' dir='ltr'><strong>Amsdorlii</strong></span> 
     </span>
     <span class='ocr_line' id='line_1_32' title="bbox 329 3120 1247 3204; baseline 0.007 -26"><span class='ocrx_word' id='word_1_207' title='bbox 329 3125 364 3179; x_wconf 90' lang='lat' dir='ltr'><strong>ct</strong></span> <span class='ocrx_word' id='word_1_208' title='bbox 380 3120 504 3180; x_wconf 62' lang='lat' dir='ltr'><strong>liutheri</strong></span> <span class='ocrx_word' id='word_1_209' title='bbox 524 3120 574 3180; x_wconf 88' lang='lat' dir='ltr'><strong>hio</strong></span> <span class='ocrx_word' id='word_1_210' title='bbox 596 3123 771 3201; x_wconf 90' lang='lat' dir='ltr'><strong>repetimus,</strong></span> <span class='ocrx_word' id='word_1_211' title='bbox 793 3123 900 3202; x_wconf 90' lang='lat' dir='ltr'><strong>quales</strong></span> <span class='ocrx_word' id='word_1_212' title='bbox 921 3126 953 3183; x_wconf 90' lang='lat' dir='ltr'><strong>in</strong></span> <span class='ocrx_word' id='word_1_213' title='bbox 974 3131 1061 3184; x_wconf 91' lang='lat' dir='ltr'><strong>tomo</strong></span> <span class='ocrx_word' id='word_1_214' title='bbox 1075 3125 1173 3204; x_wconf 89' lang='lat' dir='ltr'><strong>primo</strong></span> <span class='ocrx_word' id='word_1_215' title='bbox 1187 3123 1247 3183; x_wconf 90' lang='lat' dir='ltr'><strong>edi-</strong></span> 
     </span>
     <span class='ocr_line' id='line_1_33' title="bbox 329 3203 763 3285; baseline 0.007 -23"><span class='ocrx_word' id='word_1_216' title='bbox 329 3203 420 3263; x_wconf 88' lang='lat' dir='ltr'><strong>tionis</strong></span> <span class='ocrx_word' id='word_1_217' title='bbox 440 3204 585 3265; x_wconf 77' lang='lat' dir='ltr'><strong>deneusis</strong></span> <span class='ocrx_word' id='word_1_218' title='bbox 606 3204 763 3285; x_wconf 86' lang='lat' dir='ltr'><strong>leguntur:</strong></span> 
     </span>
    </p>
   </div>
   <div class='ocr_carea' id='block_1_5' title="bbox 0 0 1542 4750">
    <p class='ocr_par' dir='ltr' id='par_1_5' title="bbox 0 0 1542 4750">
     <span class='ocr_line' id='line_1_34' title="bbox 0 0 1542 4750; baseline 0 1"><span class='ocrx_word' id='word_1_219' title='bbox 0 0 1542 4750; x_wconf 95' lang='lat' dir='ltr'><strong> </strong></span> 
     </span>
    </p>
   </div>
  </div>
 </body>
</html>
