3075 4750
350 481 418 561 ἳθβ
747 491 889 548 cruram
923 525 928 531 -

355 653 452 725 saraia
480 668 511 723 et
537 662 667 746 singulis
689 672 868 747 praesentes
893 666 996 727 literas
1018 666 1204 746 inspecturis
1226 664 1279 727 fla·

355 744 450 808 luam
471 747 502 807 in
525 748 675 810 Domino:

437 828 551 891 Notum
587 832 734 910 iacimus,
766 832 849 912 quod
885 833 1096 893 sanctissimus
1127 831 1279 891 Dominus

354 909 435 984 Leo,
468 911 571 973 divina
606 916 800 993 providentia
828 916 912 996 Papa
941 915 1078 975 decimus
1102 913 1279 990 modernus,

354 990 498 1057 omnibus
519 1002 551 1055 et
571 995 699 1078 singulis
721 1000 877 1077 uniusque
899 1018 991 1058 sexus
1003 997 1115 1057 Christi
1135 995 1280 1057 fidelibus

353 1075 394 1137 ad
416 1080 641 1156 reparationem
672 1080 820 1141 Fabricae
846 1079 998 1141 Basilicas
1026 1076 1176 1157 Principis
1206 1098 1279 1158 ape·

353 1159 514 1238 stolorum,
537 1162 642 1223 Sancti
657 1164 739 1223 Petri
760 1164 801 1224 de
823 1164 915 1241 Urbe,
937 1165 1023 1224 iuxta
1050 1161 1279 1224 ordinationem

349 1251 490 1305 nostram
502 1264 610 1305 manns
622 1247 849 1327 porrigentibus
860 1247 1034 1321 adiutrices,
1045 1245 1126 1305 ultra
1138 1234 1279 1323 plenisii-

304 1358 311 1367 x
353 1342 421 1385 naas
442 1326 647 1407 indulgentias
666 1349 704 1389 ac
725 1331 803 1389 alias
821 1332 935 1409 gratias
954 1337 985 1389 et
1008 1328 1181 1401 facultates,
1204 1345 1279 1405 quas

351 1407 466 1468 Christi
488 1408 596 1471 fideles
617 1412 676 1491 ipsi
698 1410 838 1473 obt-inere
859 1420 999 1493 possunt,
1020 1413 1107 1471 iuxta
1119 1410 1278 1470 literarum

353 1492 608 1571 apostolicarum,
637 1494 769 1575 desuper
796 1496 1020 1571 confectarum,
1043 1493 1278 1569 continentiam,

354 1575 592 1637 misericorditer
613 1579 705 1637 etiam
727 1581 759 1637 in
782 1579 916 1640 Domino
938 1577 1066 1639 indulsit
1088 1582 1184 1656 atque
1206 1594 1279 1636 con·
1379 1590 1380 1593 ’

353 1658 455 1736 cessit,
472 1667 506 1718 ut
522 1660 668 1721 idoneum
684 1669 814 1740 possent
836 1662 950 1742 eligere
970 1658 1184 1721 confessorem
1193 1678 1278 1738 pres·

351 1738 491 1819 byterum
513 1743 693 1822 secularem,
721 1744 771 1804 vel
799 1745 948 1821 euiusvis,
977 1744 1068 1803 etiam
1099 1740 1275 1801 mendicen-

353 1824 428 1883 tium
451 1824 567 1885 ordinis
589 1826 775 1906 regularem,
797 1829 863 1906 qui,
886 1846 990 1889 corum
1015 1822 1214 1885 confessione
1236 1824 1277 1883 di-

351 1905 485 1985 ligenter
506 1907 619 1986 audita,
633 1929 689 1987 pro
707 1912 880 1970 commissis
894 1928 949 1990 per
965 1910 1129 1988 eligentem
1155 1906 1279 1967 delictis

352 1996 385 2049 et
405 1989 593 2070 excessibus,
616 2011 655 2051 ac
674 1994 811 2072 peccatis
833 1992 1030 2072 quibuslibet,
1052 1998 1276 2068 quantumcum-

352 2090 413 2149 que
440 2072 583 2151 gravibus
616 2083 648 2134 et
677 2076 870 2154 enormibus,
898 2077 989 2137 etiam
1020 2075 1050 2133 in
1079 2071 1183 2132 dictae
1210 2070 1277 2133 sedi

352 2156 517 2215 reservatis
540 2156 676 2235 casibus,
705 2160 901 2218 ascensuris
924 2157 1159 2229 ecclesiasticis,
1182 2157 1275 2215 etia-m

352 2235 392 2296 ab
413 2236 539 2299 homine
559 2239 598 2298 ad
622 2240 751 2301 alicuius
772 2242 949 2301 instantiam
966 2240 1046 2314 latis,
1068 2237 1107 2298 dc
1119 2256 1276 2299 censensu

352 2321 484 2400 partium
507 2323 599 2382 etiam
620 2325 741 2385 ratione
761 2324 916 2386 interdicti
938 2322 1076 2400 incursis,
1098 2328 1130 2382 et
1145 2334 1276 2401 quorum

352 2402 510 2465 absolutio
544 2406 646 2466 eidem
677 2407 744 2467 sedi
779 2414 863 2468 esset
893 2407 1067 2487 specialiter
1097 2412 1273 2465 reservata:
1380 2391 1381 2434 i

351 2486 567 2566 praeterquam
589 2489 826 2550 machinationis
847 2491 878 2549 in
891 2507 1058 2569 personam
1069 2488 1182 2563 summi
1197 2505 1275 2567 pen·

351 2567 452 2647 tificis,
473 2572 638 2631 occisionis
662 2574 888 2652 episcoporum,
910 2579 964 2632 aut
984 2572 1113 2631 aliorum
1136 2571 1274 2648 superie-

351 2670 418 2710 ram
439 2652 657 2732 praelatorum,
671 2664 703 2715 et
717 2657 895 2718 inieetionis
905 2673 1050 2714 manuum
1068 2652 1275 2712 violentarum

350 2733 384 2793 in
405 2735 486 2813 illos,
508 2736 660 2797 antelios
681 2739 853 2816 praelatos,
875 2736 1097 2797 falsificationis
1116 2735 1274 2794 literarum

351 2817 604 2897 apostolicarum,
626 2819 791 2881 delationis
814 2839 977 2897 armornm,
1000 2826 1032 2879 et
1052 2818 1182 2878 aliorum
1204 2835 1275 2897 prc-

346 2898 516 2959 bibitorum
553 2901 592 2960 ad
620 2910 723 2981 partes
759 2902 955 2980 infidelium,
982 2920 1020 2962 ec
1052 2903 1276 2962 sententiarum

353 2988 386 3041 et
421 3001 635 3064 censurarum,
670 2987 836 3046 occasione
864 2986 1030 3045 aluminum
1071 2983 1166 3044 tuliae
1199 3002 1276 3061 apo-

353 3064 482 3124 stolicae
511 3066 549 3126 de
577 3068 714 3148 partibus
746 3067 914 3128 infidelium
949 3067 987 3127 ad
1022 3063 1130 3125 fideles
1166 3073 1276 3125 conus

352 3147 591 3228 prohibitionem
606 3149 788 3230 delatorum,
805 3153 1008 3226 incursatum,
1038 3148 1135 3224 semel
1156 3147 1188 3206 in
1211 3149 1277 3208 vita

352 3237 385 3290 et
404 3231 435 3290 in
459 3233 563 3291 mortis
587 3233 730 3312 articulo,
761 3240 883 3312 quohes
911 3233 963 3294 ille
985 3230 1171 3308 immrneb1t,
1200 3230 1276 3290 licet

354 3333 437 3373 mors
465 3322 539 3374 tunc
570 3334 633 3374 non
662 3315 876 3395 subsequatur:
910 3323 942 3376 et
968 3316 1000 3376 in
1023 3333 1085 3374 non
1108 3314 1276 3374 reservatis

352 3396 474 3456 casibus
493 3399 617 3476 totiens,
639 3402 783 3476 quotiens
805 3399 836 3458 id
859 3399 990 3478 petierit,
1012 3397 1151 3477 plenarie
1173 3394 1277 3456 absol-

353 3499 437 3558 vere,
459 3490 491 3540 et
512 3482 557 3540 eis
579 3483 802 3560 poenitentiam
824 3482 988 3541 salutarem
1005 3481 1174 3558 iniungere.
1208 3477 1277 3538 Nec

353 3582 415 3622 non
444 3563 540 3622 semel
567 3564 598 3622 in
625 3565 691 3623 vita
718 3572 750 3624 et
770 3566 801 3626 in
824 3564 906 3624 dicte
930 3565 1036 3624 mortis
1057 3561 1187 3621 articulo
1211 3561 1276 3640 ple·

352 3647 469 3706 nariam
492 3647 627 3706 omnium
651 3654 849 3727 peccatorum
871 3645 1093 3727 indulgentiam
1115 3650 1147 3704 et
1167 3645 1276 3703 remis·

353 3729 471 3789 sionem
508 3729 701 3808 impendere,
740 3737 771 3789 et
803 3729 1006 3790 eucharistiae
1038 3734 1276 3804 sacramentum,

352 3811 404 3872 die
426 3812 585 3872 Pascbatis
606 3819 638 3872 et
659 3815 766 3872 mortis
788 3812 916 3873 articulo
940 3818 1088 3892 excepte,
1116 3810 1276 3888 quibusvis

351 3897 426 3956 anni
449 3895 638 3973 temporibus
657 3897 842 3955 ministrare:
865 3913 923 3956 nec
946 3915 1009 3956 non
1026 3912 1148 3975 pereos
1160 3892 1277 3952 emissa

351 3995 409 4060 pro
431 3984 570 4057 tempore
592 3984 666 4039 vota
688 3996 888 4058 quaecunque
909 3978 1134 4056 (ultramarino,
1155 3979 1275 4057 ingres·
