3075 4750
523 492 556 549 D.
576 493 654 548 Hert.
674 492 784 550 uoueri
803 480 918 548 Ooncio.
1117 491 1180 556 335

256 665 349 724 ecurt
375 660 416 722 ed
444 660 546 723 Gelct
575 663 612 725 δε
655 663 690 724 Iu
711 661 841 724 Ohrieto‘
855 681 956 742 neque
978 663 1179 742 circumcisio,

255 763 359 825 neque
386 745 577 825 praeputium
602 745 719 825 otiquid
739 746 833 824 velet,
856 745 911 806 eod
925 765 1008 807 nove
1028 753 1178 806 erectore.

339 827 473 890 Proinde
494 827 690 889 confecturus
712 828 741 888 id
764 830 957 910 potissimum
980 834 1098 891 etente
1115 847 1182 889 orn·
1204 836 1208 846 ⁸

255 913 309 972 uie
329 918 433 972 tecum
452 912 573 1008 cogite,
595 909 667 1008 quid
688 913 822 992 feceret,
844 913 870 972 ei
898 931 961 975 non
989 918 1073 974 eneet
1090 929 1179 1009 pree

255 993 587 1155 „iiiiiiiffiiii
604 995 745 1140 :itit
762 995 1179 1159 tttttttfttttrt

257 1161 394 1222 omnium
422 1161 576 1242 pleneque
605 1160 751 1222 liberter?
799 1161 848 1222 An
881 1163 972 1222 etiem
1000 1163 1047 1222 sio
1081 1161 1180 1241 vellen

257 1242 416 1322 confiteri,
444 1245 572 1322 ocnmri,
594 1243 777 1324 poenitere?
828 1243 919 1320 Quod
946 1247 973 1306 ei
999 1252 1030 1305 te
1051 1263 1113 1307 non
1135 1246 1180 1305 ite
1300 1281 1308 1300 .

255 1327 393 1406 invenie,
423 1329 484 1387 iem
514 1328 591 1387 scito
614 1334 645 1387 te
666 1347 729 1393 nou
752 1347 792 1388 ex
813 1345 920 1388 umore
942 1329 1092 1407 iustitiae,
1120 1326 1177 1388 sed

255 1409 481 1473 consuetudine
509 1416 540 1469 et
567 1410 678 1471 timore
698 1412 856 1492 praecepti
877 1412 1054 1492 poenitere,
1086 1417 1180 1490 etque

256 1493 352 1554 meite
372 1493 459 1572 requi
480 1491 615 1570 turbem,
643 1495 668 1552 ni
696 1492 838 1554 omnibus
860 1493 967 1554 liceret
978 1511 1050 1561 ,non
1073 1495 1179 1574 poeni-

256 1585 332 1638 tere
375 1575 407 1637 Si
437 1582 541 1636 eutem
558 1574 671 1655 velles,
704 1578 799 1637 etiem
822 1577 847 1636 ni
870 1577 971 1637 nuilus
994 1578 1177 1657 poeniteret,

234 1657 463 1737 enumeretur,
484 1664 702 1738 contereretur,
726 1667 818 1739 etque
838 1659 919 1720 adeo
941 1660 967 1719 ei
988 1666 1071 1720 totns
1093 1678 1180 1719 mun·

257 1741 315 1802 due
337 1740 426 1803 cliter
447 1747 564 1822 egeret,
587 1761 645 1802 neo
666 1743 823 1823 praecepti
845 1742 950 1803 habite
963 1744 1084 1803 retione
1104 1759 1179 1822 poe·
1281 1757 1286 1761 ·

213 1864 217 1877 «
256 1826 367 1901 nitere,
388 1824 446 1886 ced
468 1842 574 1886 amore
596 1843 697 1885 novoe
718 1827 801 1886 ritee
814 1832 848 1886 ct
862 1825 1008 1904 melioris,
1030 1827 1091 1889 iem
1105 1845 1178 1886 vere

257 1909 410 1989 poeniteo.
453 1907 536 1968 Ecce
565 1906 626 1968 hoo
659 1911 721 1985 eit,
754 1907 838 1990 quod
866 1907 911 1968 illi
941 1908 1045 1970 solem
1066 1907 1179 1988 dicere,

258 1989 341 2071 quod
378 1991 523 2052 contritio
551 1992 585 2052 in
615 1993 742 2052 ceritnte
769 1991 853 2052 iccte
881 1992 957 2052 inuit
976 1993 1090 2052 remitti
1111 2009 1181 2072 pec-

258 2081 345 2152 cota,
373 2073 462 2154 =qucd
495 2074 620 2135 uerbum
648 2073 771 2154 nescio,
806 2076 831 2134 ei
855 2093 968 2136 omuee
995 2075 1180 2156 inteliignut,

257 2159 310 2237 qui
334 2165 397 2217 tem
419 2157 595 2236 frequenter
614 2157 712 2236 ipsum
736 2159 766 2222 in
790 2175 844 2218 orc
865 2165 1002 2240 vernent,
1030 2158 1091 2219 hcc
1114 2159 1179 2219 ecio

257 2239 508 2301 cbenurieeimum
526 2257 596 2300 erse
611 2258 669 2300 nec
689 2259 707 2300 e
726 2259 776 2300 me
791 2240 960 2321 eliquendo
979 2241 1179 2310 intciieotum.

343 2321 402 2383 Hic
422 2341 497 2392 rerc
518 2323 674 2402 invenies,
705 2323 728 2383 ei
751 2341 814 2384 non
836 2325 883 2384 vic
905 2323 1041 2402 mentiri,
1061 2331 1094 2385 te
1115 2343 1178 2386 nou

258 2426 329 2468 ecee
350 2406 463 2485 telem,
487 2405 543 2467 e'ed
564 2408 667 2487 potine
689 2406 797 2485 vrttes,
817 2414 853 2467 nt
872 2409 958 2487 prior
977 2409 1043 2468 rite
1062 2407 1179 2485 liceret,

259 2492 333 2570 quie
365 2489 461 2555 senus
495 2496 526 2551 te
563 2492 689 2551 omnino
720 2489 822 2550 adhuc
848 2491 990 2556 inolincri
1016 2489 1056 2550 ed
1082 2492 1178 2551 vitem
1244 2545 1248 2554 ,

255 2573 402 2653 priorem.
444 2572 500 2633 Sic
527 2574 608 2633 enim
635 2580 667 2633 et
687 2572 721 2643 ii.
744 2572 936 2653 Augustinus
963 2571 1127 2634 confltetur
1147 2572 1179 2633 in

255 2657 442 2719 contritione
464 2674 534 2734 sue,
562 2673 596 2716 re
617 2655 712 2717 iniere
734 2655 930 2717 sollicitatum
952 2655 993 2717 de
1009 2656 1073 2716 vite
1090 2668 1186 2736 pree-¹

254 2740 357 2802 terite.
399 2738 464 2799 Into
497 2740 527 2799 ci
553 2746 639 2801 reete
664 2738 839 2819 perpendae
860 2740 939 2800 liceo
959 2738 1057 2818 dicte,
1088 2738 1180 2799 incito

255 2822 357 2903 dioec,
389 2822 506 2881 nullum
532 2820 701 2883 hominem>
718 2840 788 2883 eene
808 2823 840 2881 in
861 2821 994 2903 mundo,
1024 2823 1076 2902 qui
1099 2822 1180 2883 hene

157 2962 158 2965 ,
256 2905 473 2967 contritionem
507 2904 634 2985 hebeat,
672 2905 722 2965 uel
748 2905 859 2966 celtem
880 2906 1093 2985 paucissimos.
1138 2905 1180 2966 Et

255 2988 295 3049 de
318 2988 457 3068 meipso
481 2986 633 3050 confiteor
644 2988 756 3050 eimiiie
774 2989 911 3068 omnino.
937 2988 978 3049 Et
999 2991 1120 3051 sivero
1142 3004 1180 3049 cc
1273 3019 1276 3027 .

157 3066 158 3073 '
255 3070 353 3133 libere
376 3071 452 3131 velie
475 3070 616 3132 confiteri
631 3077 752 3133 remoto
766 3070 845 3150 Deo,
866 3079 1044 3153 praecepto,
1066 3092 1179 3153 poene,

157 3214 158 3231 ,
255 3154 387 3235 gaudio,
421 3154 487 3214 scic
515 3152 616 3215 dioec:
652 3156 679 3215 ei
705 3154 821 3214 nnlluc
836 3162 919 3215 ercet
946 3153 1045 3234 Deus,
1074 3154 1179 3216 nullus

157 3236 159 3297 i
255 3237 409 3315 inienuus,
431 3243 514 3297 certe
534 3238 588 3297 rix
608 3239 810 3318 poeniterem,
831 3239 907 3316 ecio,
928 3240 1064 3319 iuquam,
1083 3237 1180 3299 telem

157 3302 158 3345 5
257 3340 327 3381 esee
348 3326 432 3415 tuem
456 3320 693 3402 cogitationem,
723 3320 947 3399 quantumlibet
973 3321 1047 3383 om
1069 3322 1180 3381 contri·

157 3408 159 3451 ἱ
258 3404 375 3464 tionem
399 3403 555 3463 ostendes.

341 3484 423 3559 Quid
447 3504 521 3568 ergo
544 3479 595 3544 hio
613 3481 785 3547 iaciemus?
814 3486 946 3567 Oportet
966 3505 1023 3549 noe
1045 3504 1114 3545 esse
1135 3492 1178 3546 te·

256 3569 316 3649 lec,
338 3575 373 3629 et
393 3584 456 3629 non
498 3581 641 3628 cosumus
660 3586 733 3629 eene
755 3569 843 3649 tries,
863 3587 974 3630 omnen
996 3586 1072 3648 ergo
1094 3567 1178 3628 dem-

258 3651 418 3714 rebimur'?
445 3588 497 3711 Ag

258 3736 387 3817 cognito
409 3734 517 3794 tottii
538 3749 602 3795 non
624 3751 719 3814 neges
742 3742 774 3795 te
793 3734 897 3814 telem,
919 3732 975 3794 red
987 3735 1017 3794 in
1031 3734 1177 3815 engutum

259 3818 369 3896 reduc,
399 3824 437 3878 et
458 3818 549 3880 turre
570 3816 731 3909 conuitium
753 3816 867 3880 obruti
880 3816 916 3894 ¹⁸¹)
941 3817 973 3877 in
994 3815 1178 3877 abscondito

313 3999 343 4069 ·)
365 3970 461 4053 nauh.
480 3999 507 4055 6.

496 3651 543 3711 eit.
576 3649 641 3713 oco
667 3652 927 3733 respondeamus:
971 3651 1117 3731 Oportet,
1145 3659 1180 3711 ut
1262 3649 1269 3662 '
