3075 4750
351 512 416 581 372
745 514 881 582 Dialogus

350 706 409 768 par
429 686 537 747 venias
558 678 651 765 oulp‘a
661 684 843 763 remittatur,
860 682 1106 763 praedieatorem
1120 685 1279 744 veniarum

354 768 498 831 docuisse
519 766 612 829 oredo
632 766 759 844 nullum,
782 768 895 849 quippe
911 784 978 825 oum
998 767 1091 829 etiam
1104 764 1279 827 rudioribus

353 852 479 933 liqueat,
490 851 716 911 assecutionem
729 852 887 910 veniarum
905 850 1106 929 praeexigere
1119 849 1279 929 oulparum

353 935 566 1013 abolitionem,
587 952 657 993 oum
678 932 767 993 huius
790 933 832 993 rei
855 932 954 1013 gratia
976 934 1067 995 etiam
1091 934 1198 993 rustici
1224 951 1280 993 sua

354 1020 482 1080 erimina
501 1018 664 1077 fateantur.
1150 1038 1152 1045 s

435 1100 494 1179 77)
518 1099 605 1159 Mart.
627 1098 718 1174 Quod
740 1097 864 1177 dicitur,
887 1098 952 1159 Neo
973 1100 999 1157 si
1022 1106 1147 1159 sanatus
1171 1099 1279 1159 Petrus

356 1182 450 1245 modo
473 1202 556 1262 papo
577 1190 674 1261 esset,
698 1183 831 1242 maiores
853 1182 967 1261 gratias
990 1180 1063 1241 dare
1084 1191 1210 1262 posset,
1233 1190 1280 1242 eet

354 1265 547 1345 blasphemia
567 1266 599 1324 in
621 1272 759 1324 sanetum
782 1264 904 1325 Petrum
927 1272 959 1324 et
979 1282 1103 1347 papam.

437 1347 490 1414 Sil.
510 1347 577 1407 Etsi
599 1355 723 1407 sanetus
745 1347 853 1407 Petrus
876 1347 1017 1408 orsdatur
1034 1348 1171 1408 sanctior
1184 1347 1278 1407 fuisse

354 1433 440 1493 omni
460 1438 534 1511 post
552 1432 653 1490 tuturo
676 1429 823 1510 pontifice
846 1436 876 1489 et
897 1431 927 1489 iu
944 1432 1049 1511 gratiis
1063 1428 1280 1511 personalibus

355 1514 526 1596 eopiosior,
558 1519 704 1592 quantum
733 1505 836 1573 tam‘en
859 1515 968 1573 attinet
989 1512 1027 1573 ad
1050 1514 1171 1573 olavem
1194 1510 1278 1573 iuris·

354 1598 499 1659 dictionis
527 1604 559 1657 et
587 1594 716 1674 ordinis,
746 1602 908 1657 erroneum
930 1604 992 1674 est,
1020 1616 1060 1657 ue
1087 1596 1278 1657 haereticum

355 1681 465 1759 diuam,
488 1680 590 1740 diosre
611 1679 747 1740 Leonem
769 1680 805 1738 X.
824 1680 916 1739 Petro
938 1682 1037 1759 primo
1062 1680 1225 1757 minorem,
1250 1686 1279 1739 et

359 1783 421 1825 non
443 1782 537 1843 posse
559 1761 598 1823 de
617 1764 683 1821 iure
705 1780 905 1841 quaecunque
927 1762 979 1822 ille
1000 1764 1109 1843 potuit.

437 1846 496 1918 78)
519 1845 606 1905 Mart
628 1845 764 1905 Dioimus
787 1854 903 1924 oontrs,
927 1844 1010 1924 quod
1032 1847 1126 1907 etiam
1148 1846 1225 1925 iste,
1249 1852 1279 1905 et

355 1927 483 2007 quilibet
513 1947 595 2007 papa
625 1928 757 1988 maiores
784 1927 894 2005 habet,
925 1928 1043 1989 soilioet
1071 1928 1278 2009 evangelium,

356 2013 503 2089 virtutes,
596 2012 640 2070 'aa
662 2012 855 2078 curationum
877 2015 935 2071 ebo.
959 2018 992 2071 ut
1015 2014 1041 2073 l.
1063 2011 1204 2074 Corinth.
1229 2014 1277 2074 12.

438 2092 492 2153 sit.
540 2094 631 2171 imeo,
654 2112 693 2153 ue
715 2094 772 2153 Dei
796 2094 940 2154 iudioium
963 2114 1055 2173 super
1076 2101 1162 2153 tuum
1185 2100 1280 2174 oaput

354 2182 474 2257 portes,
508 2177 558 2255 qui
585 2196 642 2256 per
669 2178 800 2236 ironiam
828 2178 871 2237 ita
898 2178 1033 2238 irrisorie
1054 2178 1192 2257 loqueris
1215 2179 1279 2236 uni·

355 2278 449 2320 verso
478 2258 544 2319 orbi
571 2259 610 2319 de
637 2265 723 2319 tauto
746 2260 904 2339 pontitioe.
948 2258 1072 2320 Utinam
1098 2266 1202 2320 autem
1225 2259 1279 2321 tibi

355 2344 417 2404 sint
448 2342 520 2403 illae
553 2344 701 2423 virtutes,
741 2362 821 2424 quae
851 2345 882 2404 iu
911 2342 1037 2404 domino
1060 2350 1168 2404 nostro
1193 2362 1280 2424 prae·

355 2426 504 2487 dieantur.
1058 2457 1062 2466 =

437 2512 495 2585 79)
526 2509 613 2569 Mart.
646 2509 755 2570 Dicere
784 2529 905 2572 oruoem
935 2511 1028 2570 armis
1049 2508 1214 2590 papalibus
1237 2510 1280 2570 in·

354 2594 483 2674 signiter
502 2598 637 2652 ereotam
659 2593 741 2652 oruei
764 2592 875 2654 Christi
897 2591 1109 2672 aequivalere,
1137 2591 1280 2672 blasphe-

356 2676 418 2735 mia
439 2683 496 2735 est.

438 2757 491 2818 sil.
508 2756 575 2817 Tibi
597 2776 660 2817 non
683 2758 808 2818 oredere
830 2761 1048 2837 quoniamiam
1061 2760 1161 2837 ooepi,
1177 2777 1280 2838 neque

355 2840 416 2902 hoa
436 2849 513 2920 puto
532 2839 571 2900 ab
593 2840 698 2920 aliquo
720 2843 879 2902 veniarum
896 2842 1106 2903 declamatore
1121 2840 1280 2921 praediea·

355 2930 419 2983 tum
440 2925 484 2983 ita
504 2922 597 3001 nude,
619 2929 652 2982 ut
672 2925 795 3002 raoitas,
811 2943 1002 3004 quamquam
1025 2924 1181 3004 quaelibet
1198 2943 1280 2984 orux

271 3015 279 3024 '
355 3007 387 3065 in
410 3005 560 3085 ‚qualibet
587 3008 716 3068 materis
742 3025 840 3086 aeque
870 3015 1082 3089 repraesentet
1107 3009 1277 3087 imaginem

356 3087 478 3166 christi,
501 3095 532 3149 et
551 3107 652 3167 aeque
674 3089 833 3150 adoranda
855 3093 904 3170 sit,
927 3091 1047 3152 seclusa
1063 3091 1184 3150 ratione
1207 3109 1280 3151 eon·

354 3178 450 3315 tutans,
463 3209 466 3215 ·
479 3171 520 3232 de
543 3191 610 3250 qua.
635 3172 674 3234 ad
701 3192 849 3252 praesens
871 3173 1030 3237 brevitatis
1051 3175 1152 3254 gratia
1175 3191 1280 3254 super·

355 3274 389 3315 se
411 3273 462 3316 eo.
734 3281 737 3286 ¹

438 3338 496 3412 80)
530 3338 619 3399 Mart,
648 3340 812 3400 Rationem
840 3339 971 3400 reddent
997 3340 1152 3420 episcopi,
1181 3340 1281 3400 curati

355 3426 388 3482 et
407 3421 563 3501 theologi,
599 3423 649 3499 qui
679 3421 757 3481 tales
779 3441 938 3484 sermones
961 3424 991 3481 in
1014 3421 1162 3503 populum
1185 3422 1281 3484 licere

355 3506 466 3569 sinunt
730 3514 735 3524 “

436 3587 491 3649 sil.
514 3586 646 3666 Videris,
667 3589 814 3668 Martius,
836 3589 920 3651 velle
942 3597 972 3650 te
995 3607 1051 3668 per
1071 3588 1150 3650 huso
1172 3588 1280 3650 iustili-

356 3689 441 3749 mme,
464 3672 552 3749 quasi
571 3677 658 3732 reete
672 3672 806 3749 ‚teretia
836 3671 1026 3733 detrahendo
1050 3671 1148 3731 veniis
1172 3679 1281 3734 eontra

355 3760 553 3832 praeseptum
572 3753 690 3814 domini
709 3755 806 3814 nostri
828 3774 938 3834 papae,
963 3763 992 3815 et
1013 3753 1207 3815 detrahendo
1230 3775 1281 3815 ve-

355 3836 473 3895 niarum
495 3836 776 3914 donoionatmibus,
798 3845 830 3898 et
850 3837 990 3917 pontilioi
1006 3843 1114 3898 eontra
1131 3857 1281 3918 praeoep-

354 3924 419 3975 tum
442 3917 512 3995 Dei,
528 3920 588 3978 sad
610 3937 804 3999 nequaquam
827 3928 983 4001 proptera,
1006 3920 1090 4000 quod
1111 3919 1281 4002 theologus

356 3998 414 4091 sis,
434 4001 522 4059 venia
539 4002 571 4062 tn
592 4000 992 4083 praedietisexousandus,
1015 4002 1282 4084 redarguendus,
