3075 4750
451 489 478 539 st
496 478 638 541 voluntate
656 477 777 542 hominis
796 480 857 542 aina
874 480 973 555 gratia.
1121 479 1185 551 241

265 660 407 719 tenantur
428 657 552 737 aspari,
572 656 720 736 adipsiua
741 656 961 735 voluntatem·
974 656 1028 719 aad
1041 656 1186 721 voluutas

265 736 381 800 diaboli
403 745 469 818 est,
492 746 526 801 ut
546 740 661 801 matam
680 740 780 801 velint
797 746 830 801 at
851 740 976 801 faoiant.
1034 741 1040 749 “

312 873 315 881 ·
414 854 594 930 Secunda
625 863 714 937 par's
747 856 1054 918 conclusionis„

319 1020 324 1031 ‚
347 961 440 1037 Quod
466 982 529 1023 non
561 957 601 1023 sit
628 962 725 1024 libera
746 964 777 1022 iu
800 963 977 1042 contrariu,
1005 962 1103 1044 probo
1131 953 1186 1044 per

264 1042 340 1104 illud
363 1044 476 1107 Genes.
500 1044 596 1109 VIII.:
630 1046 745 1106 Sensus
766 1052 797 1105 et
818 1054 928 1107 ounota
950 1046 1097 1127 cogitatio
1120 1065 1185 1107 oor-

264 1126 309 1187 dis
334 1126 469 1204 *humani
502 1148 602 1209 prona
630 1135 677 1189 sat
708 1128 748 1188 ad
780 1128 894 1189 maium
922 1131 1183 1209 omnitempore:

220 1245 222 1250 ·
264 1211 289 1271 si
311 1213 549 1292 omnitempore
562 1231 661 1291 prona
677 1211 717 1272 ad
728 1212 853 1289 malum,
875 1216 1128 1292 ergo'nunquam
1145 1211 1183 1273 ad

264 1292 379 1354 bonum
410 1294 594 1355 eontrarium
623 1295 716 1356 malo.
759 1295 849 1370 Quod
878 1301 980 1357 autem
1007 1296 1068 1357 hoo
1089 1294 1184 1357 libere

265 1376 303 1435 sit
323 1376 413 1437 simul
437 1384 469 1437 et
489 1380 675 1457 necessario,
697 1378 796 1458 probo
821 1380 874 1458 sio,
898 1377 980 1458 quod
998 1398 1068 1439 nou
1082 1379 1183 1437 minus

172 1525 181 1545 κ
226 1454 237 1468 “
264 1466 310 1519 est
330 1461 462 1520 naturali
486 1461 635 1521 voluntati
657 1481 745 1521 suum
765 1461 846 1523 velle
879 1468 932 1522 aut
958 1460 1058 1538 nolle,
1093 1480 1184 1541 quam

264 1543 426 1621 unicuique
447 1550 573 1603 naturae
596 1546 652 1605 sua
674 1546 824 1624 operatio,
847 1564 905 1607 neo
926 1545 1023 1625 magis
1046 1544 1183 1625 privatur

262 1626 330 1703 ipsa
351 1644 408 1687 suo
429 1633 511 1704 astu,
532 1646 624 1706 quam
646 1632 847 1709 quaeeunque
868 1648 917 1688 res
939 1628 1010 1689 alia.
1047 1625 1107 1688 sed
1129 1627 1182 1686 im-

262 1708 410 1787 possibiie
432 1716 488 1788 est,
511 1710 594 1788 quod
615 1710 696 1771 veile
711 1712 757 1771 ‘ait
779 1712 951 1771 ooaotivum
974 1719 1005 1771 et
1025 1728 1088 1771 uon
1109 1709 1182 1771 libe
1206 1754 1210 1763 1

260 1808 343 1867 rum,
379 1811 453 1871 ergo
489 1794 665 1855 neeessario
698 1801 746 1854 est
783 1794 912 1857 liberum
942 1799 973 1853 et
1007 1794 1181 1854 necessario

261 1872 357 1935 libare
379 1876 452 1939 vult.
487 1874 538 1935 Sia
559 1876 651 1957 igitur
673 1883 834 1956 utrumque
856 1896 960 1937 vorum
983 1883 1044 1937 est:
1068 1876 1162 1937 homo

259 2012 362 2065 Μ’
394 1976 778 2117 ἲὲἕῖὲὲΐΐὲξῖἒῖιέέῖἫ
815 2014 864 2065 sed
901 1978 1165 2107 tittnt‘ittt.

260 2134 307 2197 Ita
329 2136 471 2197 voluutas
493 2143 582 2197 extra
607 2138 736 2217 gratiam
764 2136 815 2197 vel
842 2138 873 2196 iu
902 2134 1041 2199 osdendo
1072 2138 1182 2199 eonsti-

260 2225 326 2280 tuta
358 2237 422 2281 nou
450 2226 555 2299 potest
581 2239 645 2280 nou
671 2219 841 2281 oedere'et
870 2220 950 2282 velie
982 2220 1096 2281 malum
1119 2222 1183 2291 suis

260 2302 393 2381 viribus,
420 2309 525 2383 potest
545 2309 656 2367 ‚autem
676 2322 732 2384 per
752 2304 883 2384 gratiam
904 2303 962 2365 Dei
985 2323 1049 2365 uon
1071 2302 1182 2365 eadere

260 2393 322 2448 aut
333 2405 457 2448 cessare
478 2406 498 2446 a
525 2386 680 2464 cadeudo,
713 2388 759 2448 sio
779 2387 863 2448 illam
885 2385 1020 2460 breviter
1040 2386 1181 2468 relinquo

260 2470 493 2531 conclusionem
514 2470 686 2551 probatam.

459 2584 717 2648 Corollarium
740 2588 861 2648 elicio
884 2588 979 2649 tale:

342 2692 419 2753 Cum
442 2695 567 2754 nonsit
592 2694 689 2755 iustus
711 2695 743 2754 in
765 2701 861 2768 terra,
902 2695 958 2773 qui,
982 2692 1178 2754 beneiaoiens

258 2796 320 2838 non
354 2783 479 2857 psooet,
518 2777 614 2839 multo
651 2778 749 2858 magis
785 2779 913 2838 iniustus
946 2781 1072 2858 peceat,
1107 2775 1179 2836 dum

168 2917 170 2929 ‚
258 2860 382 2922 bonumx
396 2859 478 2920 fauit.

448 2964 640 3027 Probatur
672 2963 993 3031 auetoritatibus.

340 3070 496 3151 Principio
529 3088 585 3151 per
618 3070 694 3132 illud
725 3072 839 3132 Esaiae
872 3071 980 3132 LXIV:
1030 3068 1181 3132 Immundi

258 3173 385 3232 omnes,
413 3173 471 3214 nos
494 3159 526 3216 et
546 3154 707 3216 universae
729 3155 864 3216 iustitiae
886 3161 1011 3216 nostrae
1033 3161 1178 3232 tauquam

257 3257 379 3317 pannus
409 3244 634 3316 menstruatam
666 3239 692 3298 si
725 3239 859 3300 iustitiae
891 3244 962 3302 suut
993 3236 1178 3313 immundae,

258 3321 330 3399 quid
351 3327 443 3380 erunt
462 3321 643 3400 iniustitias,
671 3326 703 3382 et
722 3319 902 3384 Ecclesiast.
926 3320 996 3382 Vll:
1018 3377 1020 3384 ,
1039 3319 1110 3380 Nou
1132 3324 1180 3381 est

256 3405 354 3464 iustus
381 3404 413 3464 iu
437 3410 535 3482 tarra,
563 3405 615 3483 qui
641 3404 735 3464 faeiat
762 3403 841 3465 bene
866 3411 898 3464 et
918 3421 982 3467 uon
1003 3408 1127 3482 poooet3
1149 3410 1182 3461 et

256 3485 367 3548 Jacob.
395 3486 455 3547 IV:
503 3486 537 3547 In
570 3487 672 3548 multis
704 3485 888 3550 offendimus
924 3504 1047 3563 omnes,
1080 3491 1111 3544 et
1137 3483 1181 3544 ad

257 3569 348 3632 Rom.
370 3569 445 3629 Vll:
468 3568 675 3631 Gondeleotor
695 3570 765 3650 lege
786 3571 844 3632 Dei
867 3569 1033 3630 seeundum
1055 3567 1178 3628 interio-

168 3668 169 3671 ’
256 3672 321 3714 rem
345 3652 519 3732 hominem,
545 3653 637 3714 video
665 3660 767 3714 autem
796 3653 888 3714 aliam
910 3653 1012 3732 legem
1033 3651 1064 3710 iu
1085 3667 1178 3710 mem-

256 3734 318 3796 bris
340 3736 419 3797 meis
440 3744 663 3816 repugnantem
685 3737 747 3817 legi
769 3737 879 3796 mentia
902 3753 1000 3813 meas,
1022 3733 1178 3812 oaptivau-

256 3825 319 3879 tem
352 3839 403 3881 me
435 3819 466 3879 in
493 3820 595 3900 legem
625 3821 754 3900 peooati.
798 3820 910 3879 Beatus
943 3817 1006 3895 vir,
1041 3816 1089 3875 oui
1116 3833 1178 3877 non

256 3901 388 3982 imputat
407 3903 558 3964 Dominus
580 3909 755 3984 peceatum,
790 3906 916 3962 sanutus
939 3900 1021 3960 enim
1043 3903 1106 3977 est,
1129 3897 1177 3957 oui

256 3987 404 4047 remissae
425 3993 495 4046 sunt
513 3987 701 4066 iniquitates,
724 3992 756 4046 et
770 3990 894 4046 sanatus
915 3989 983 4044 erat
999 4001 1056 4062 per
1076 3980 1177 4042 dimis-

282 4090 375 4133 ΒΜ
388 4102 440 4143 opu.
453 4093 481 4136 V.
500 4093 527 4134 Δ,
541 4093 571 4133 sd
582 4093 624 4133 ret.
637 4092 688 4133 hist.
701 4091 717 4132 t.
729 4103 752 4142 p.
765 4092 816 4134 Vol.
829 4091 848 4129 1.
929 4091 967 4156 16
