<?xml version="1.0" encoding="UTF-8"?>
<!DOCTYPE html PUBLIC "-//W3C//DTD XHTML 1.0 Transitional//EN"
    "http://www.w3.org/TR/xhtml1/DTD/xhtml1-transitional.dtd">
<html xmlns="http://www.w3.org/1999/xhtml" xml:lang="en" lang="en">
 <head>
  <title>
</title>
<meta http-equiv="Content-Type" content="text/html;charset=utf-8" />
  <meta name='ocr-system' content='tesseract 3.04.00' />
  <meta name='ocr-capabilities' content='ocr_page ocr_carea ocr_par ocr_line ocrx_word'/>
</head>
<body>
  <div class='ocr_page' id='page_1' title='image "./operalatinavari01schmgoog_0313.png"; bbox 0 0 3075 4750; ppageno 0'>
   <div class='ocr_carea' id='block_1_1' title="bbox 555 479 1186 546">
    <p class='ocr_par' dir='ltr' id='par_1_1' title="bbox 555 479 1186 546">
     <span class='ocr_line' id='line_1_1' title="bbox 555 479 1186 546; baseline -0.002 -12"><span class='ocrx_word' id='word_1_1' title='bbox 555 480 584 536; x_wconf 68' lang='lat'><strong>1³.</strong></span> <span class='ocrx_word' id='word_1_2' title='bbox 605 479 738 536; x_wconf 74' lang='lat' dir='ltr'><strong>Ichnuls</strong></span> <span class='ocrx_word' id='word_1_3' title='bbox 754 479 878 536; x_wconf 75' lang='lat' dir='ltr'><strong>Tetselii.</strong></span> <span class='ocrx_word' id='word_1_4' title='bbox 1123 479 1186 546; x_wconf 72' lang='lat'><strong>305</strong></span> 
     </span>
    </p>
   </div>
   <div class='ocr_carea' id='block_1_2' title="bbox 259 626 1269 2880">
    <p class='ocr_par' dir='ltr' id='par_1_2' title="bbox 259 626 1257 2286">
     <span class='ocr_line' id='line_1_2' title="bbox 262 626 1187 732; baseline 0.008 -25"><span class='ocrx_word' id='word_1_5' title='bbox 262 648 331 710; x_wconf 80' lang='lat' dir='ltr'><strong>luce</strong></span> <span class='ocrx_word' id='word_1_6' title='bbox 346 626 472 722; x_wconf 60' lang='lat' dir='ltr'><strong>&#39;clerius</strong></span> <span class='ocrx_word' id='word_1_7' title='bbox 499 657 561 730; x_wconf 87' lang='lat' dir='ltr'><strong>est,</strong></span> <span class='ocrx_word' id='word_1_8' title='bbox 587 652 633 714; x_wconf 84' lang='lat' dir='ltr'><strong>sin</strong></span> <span class='ocrx_word' id='word_1_9' title='bbox 661 658 770 717; x_wconf 67' lang='lat' dir='ltr'><strong>eoum</strong></span> <span class='ocrx_word' id='word_1_10' title='bbox 790 657 929 732; x_wconf 65' lang='lat' dir='ltr'><strong>quedem</strong></span> <span class='ocrx_word' id='word_1_11' title='bbox 951 650 1111 715; x_wconf 78' lang='lat' dir='ltr'><strong>vsriteten</strong></span> <span class='ocrx_word' id='word_1_12' title='bbox 1131 652 1187 721; x_wconf 77' lang='lat' dir='ltr'><strong>iru-</strong></span> 
     </span>
     <span class='ocr_line' id='line_1_3' title="bbox 265 733 1187 822; baseline 0.001 -29"><span class='ocrx_word' id='word_1_13' title='bbox 265 738 437 812; x_wconf 87' lang='lat' dir='ltr'><strong>ponentem</strong></span> <span class='ocrx_word' id='word_1_14' title='bbox 466 733 537 794; x_wconf 90' lang='lat' dir='ltr'><strong>odio</strong></span> <span class='ocrx_word' id='word_1_15' title='bbox 566 735 675 815; x_wconf 84' lang='lat' dir='ltr'><strong>sgiteri</strong></span> <span class='ocrx_word' id='word_1_16' title='bbox 704 755 741 796; x_wconf 90' lang='lat' dir='ltr'><strong>ee</strong></span> <span class='ocrx_word' id='word_1_17' title='bbox 761 734 887 796; x_wconf 80' lang='lat' dir='ltr'><strong>fratrum</strong></span> <span class='ocrx_word' id='word_1_18' title='bbox 919 747 1045 795; x_wconf 84' lang='lat' dir='ltr'><strong>suorum</strong></span> <span class='ocrx_word' id='word_1_19' title='bbox 1065 735 1187 822; x_wconf 78' lang='lat' dir='ltr'><strong>sangui·</strong></span> 
     </span>
     <span class='ocr_line' id='line_1_4' title="bbox 262 815 1121 876; baseline -0.001 0"><span class='ocrx_word' id='word_1_20' title='bbox 262 833 333 876; x_wconf 87' lang='lat' dir='ltr'><strong>nem</strong></span> <span class='ocrx_word' id='word_1_21' title='bbox 356 815 450 876; x_wconf 87' lang='lat' dir='ltr'><strong>sitire.</strong></span> <span class='ocrx_word' id='word_1_22' title='bbox 740 857 743 868; x_wconf 86' lang='grc'><em>.</em></span> <span class='ocrx_word' id='word_1_23' title='bbox 1117 828 1121 834; x_wconf 82' lang='grc'><strong>’</strong></span> 
     </span>
     <span class='ocr_line' id='line_1_5' title="bbox 351 893 1187 982; baseline -0.002 -22"><span class='ocrx_word' id='word_1_24' title='bbox 351 893 428 978; x_wconf 82' lang='grc'>102)</span> <span class='ocrx_word' id='word_1_25' title='bbox 452 895 573 960; x_wconf 81' lang='lat' dir='ltr'><strong>Ponere</strong></span> <span class='ocrx_word' id='word_1_26' title='bbox 611 899 704 962; x_wconf 83' lang='lat' dir='ltr'><strong>etism</strong></span> <span class='ocrx_word' id='word_1_27' title='bbox 742 901 774 962; x_wconf 91' lang='lat' dir='ltr'><strong>in</strong></span> <span class='ocrx_word' id='word_1_28' title='bbox 807 899 939 982; x_wconf 78' lang='lat' dir='ltr'><strong>publicis</strong></span> <span class='ocrx_word' id='word_1_29' title='bbox 970 899 1187 981; x_wconf 82' lang='lat' dir='ltr'><strong>positionibus,</strong></span> 
     </span>
     <span class='ocr_line' id='line_1_6' title="bbox 260 979 1187 1063; baseline -0.001 -21"><span class='ocrx_word' id='word_1_30' title='bbox 260 979 493 1060; x_wconf 72' lang='lat' dir='ltr'><strong>praedicatores</strong></span> <span class='ocrx_word' id='word_1_31' title='bbox 522 983 695 1062; x_wconf 76' lang='lat' dir='ltr'><strong>veniarum,</strong></span> <span class='ocrx_word' id='word_1_32' title='bbox 728 1002 885 1063; x_wconf 75' lang='lat' dir='ltr'><strong>nunquam</strong></span> <span class='ocrx_word' id='word_1_33' title='bbox 919 990 1024 1044; x_wconf 89' lang='lat' dir='ltr'><strong>temen</strong></span> <span class='ocrx_word' id='word_1_34' title='bbox 1053 981 1187 1059; x_wconf 88' lang='lat' dir='ltr'><strong>euditos,</strong></span> 
     </span>
     <span class='ocr_line' id='line_1_7' title="bbox 262 1063 1187 1148; baseline -0.001 -24"><span class='ocrx_word' id='word_1_35' title='bbox 262 1063 428 1126; x_wconf 87' lang='lat' dir='ltr'><strong>verborum</strong></span> <span class='ocrx_word' id='word_1_36' title='bbox 450 1063 577 1126; x_wconf 83' lang='lat' dir='ltr'><strong>libidine</strong></span> <span class='ocrx_word' id='word_1_37' title='bbox 599 1084 703 1128; x_wconf 85' lang='lat' dir='ltr'><strong>eorem</strong></span> <span class='ocrx_word' id='word_1_38' title='bbox 725 1065 844 1148; x_wconf 91' lang='lat' dir='ltr'><strong>populo</strong></span> <span class='ocrx_word' id='word_1_39' title='bbox 865 1085 1007 1144; x_wconf 82' lang='lat' dir='ltr'><strong>menore,</strong></span> <span class='ocrx_word' id='word_1_40' title='bbox 1033 1072 1068 1128; x_wconf 92' lang='lat' dir='ltr'><strong>et</strong></span> <span class='ocrx_word' id='word_1_41' title='bbox 1088 1066 1187 1125; x_wconf 88' lang='lat' dir='ltr'><strong>meius</strong></span> 
     </span>
     <span class='ocr_line' id='line_1_8' title="bbox 260 1147 1224 1230; baseline 0.003 -25"><span class='ocrx_word' id='word_1_42' title='bbox 260 1147 292 1206; x_wconf 91' lang='lat' dir='ltr'><strong>in</strong></span> <span class='ocrx_word' id='word_1_43' title='bbox 314 1147 414 1208; x_wconf 87' lang='lat' dir='ltr'><strong>veniis</strong></span> <span class='ocrx_word' id='word_1_44' title='bbox 437 1147 639 1228; x_wconf 77' lang='lat' dir='ltr'><strong>explanandis</strong></span> <span class='ocrx_word' id='word_1_45' title='bbox 652 1155 783 1230; x_wconf 87' lang='lat' dir='ltr'><strong>tempus,</strong></span> <span class='ocrx_word' id='word_1_46' title='bbox 805 1169 896 1230; x_wconf 91' lang='lat' dir='ltr'><strong>quem</strong></span> <span class='ocrx_word' id='word_1_47' title='bbox 913 1149 945 1210; x_wconf 93' lang='lat' dir='ltr'><strong>in</strong></span> <span class='ocrx_word' id='word_1_48' title='bbox 957 1148 1121 1230; x_wconf 76' lang='lat' dir='ltr'><strong>evengelio</strong></span> <span class='ocrx_word' id='word_1_49' title='bbox 1135 1147 1186 1208; x_wconf 91' lang='lat' dir='ltr'><strong>de·</strong></span> <span class='ocrx_word' id='word_1_50' title='bbox 1217 1189 1224 1198; x_wconf 80' lang='lat'><em>.</em></span> 
     </span>
     <span class='ocr_line' id='line_1_9' title="bbox 262 1228 1187 1311; baseline 0.001 -21"><span class='ocrx_word' id='word_1_51' title='bbox 262 1228 411 1291; x_wconf 89' lang='lat' dir='ltr'><strong>clerendo</strong></span> <span class='ocrx_word' id='word_1_52' title='bbox 440 1237 616 1311; x_wconf 80' lang='lat' dir='ltr'><strong>proterere,</strong></span> <span class='ocrx_word' id='word_1_53' title='bbox 648 1236 696 1292; x_wconf 88' lang='lat' dir='ltr'><strong>est</strong></span> <span class='ocrx_word' id='word_1_54' title='bbox 725 1229 888 1294; x_wconf 86' lang='lat' dir='ltr'><strong>mendscie</strong></span> <span class='ocrx_word' id='word_1_55' title='bbox 916 1231 1022 1295; x_wconf 82' lang='lat' dir='ltr'><strong>eudits</strong></span> <span class='ocrx_word' id='word_1_56' title='bbox 1046 1230 1086 1293; x_wconf 86' lang='lat' dir='ltr'><strong>eb</strong></span> <span class='ocrx_word' id='word_1_57' title='bbox 1108 1231 1187 1307; x_wconf 89' lang='lat' dir='ltr'><strong>eliis,</strong></span> 
     </span>
     <span class='ocr_line' id='line_1_10' title="bbox 261 1311 1187 1396; baseline 0.004 -24"><span class='ocrx_word' id='word_1_58' title='bbox 261 1311 396 1392; x_wconf 81' lang='lat' dir='ltr'><strong>ficteque</strong></span> <span class='ocrx_word' id='word_1_59' title='bbox 433 1332 489 1394; x_wconf 93' lang='lat' dir='ltr'><strong>pro</strong></span> <span class='ocrx_word' id='word_1_60' title='bbox 520 1314 599 1376; x_wconf 87' lang='lat' dir='ltr'><strong>veris</strong></span> <span class='ocrx_word' id='word_1_61' title='bbox 628 1317 797 1393; x_wconf 80' lang='lat' dir='ltr'><strong>seminare,</strong></span> <span class='ocrx_word' id='word_1_62' title='bbox 835 1334 931 1395; x_wconf 90' lang='lat' dir='ltr'><strong>seque</strong></span> <span class='ocrx_word' id='word_1_63' title='bbox 960 1335 1016 1396; x_wconf 87' lang='lat' dir='ltr'><strong>per</strong></span> <span class='ocrx_word' id='word_1_64' title='bbox 1042 1313 1103 1377; x_wconf 88' lang='lat' dir='ltr'><strong>hoc</strong></span> <span class='ocrx_word' id='word_1_65' title='bbox 1124 1314 1187 1376; x_wconf 84' lang='lat' dir='ltr'><strong>cito</strong></span> 
     </span>
     <span class='ocr_line' id='line_1_11' title="bbox 260 1393 1257 1478; baseline 0.001 -22"><span class='ocrx_word' id='word_1_66' title='bbox 260 1393 438 1462; x_wconf 80' lang='lat' dir='ltr'><strong>credentem</strong></span> <span class='ocrx_word' id='word_1_67' title='bbox 477 1396 640 1478; x_wconf 88' lang='lat' dir='ltr'><strong>levemque</strong></span> <span class='ocrx_word' id='word_1_68' title='bbox 678 1396 843 1462; x_wconf 88' lang='lat' dir='ltr'><strong>ostendere</strong></span> <span class='ocrx_word' id='word_1_69' title='bbox 882 1406 975 1478; x_wconf 86' lang='lat' dir='ltr'><strong>etque</strong></span> <span class='ocrx_word' id='word_1_70' title='bbox 1012 1397 1187 1478; x_wconf 77' lang='lat' dir='ltr'><strong>perniciose</strong></span> <span class='ocrx_word' id='word_1_71' title='bbox 1253 1393 1257 1403; x_wconf 83' lang='lat'><em>&#39;</em></span> 
     </span>
     <span class='ocr_line' id='line_1_12' title="bbox 261 1497 575 1542; baseline 0.006 -4"><span class='ocrx_word' id='word_1_72' title='bbox 261 1497 374 1542; x_wconf 79' lang='lat' dir='ltr'><strong>errore.</strong></span> <span class='ocrx_word' id='word_1_73' title='bbox 572 1525 575 1540; x_wconf 93' lang='lat'>.</span> 
     </span>
     <span class='ocr_line' id='line_1_13' title="bbox 347 1561 1186 1644; baseline -0.002 -20"><span class='ocrx_word' id='word_1_74' title='bbox 347 1562 424 1639; x_wconf 85' lang='lat'><strong>103)</strong></span> <span class='ocrx_word' id='word_1_75' title='bbox 450 1561 569 1623; x_wconf 89' lang='lat' dir='ltr'><strong>Ponere</strong></span> <span class='ocrx_word' id='word_1_76' title='bbox 597 1562 730 1644; x_wconf 90' lang='lat' dir='ltr'><strong>denique</strong></span> <span class='ocrx_word' id='word_1_77' title='bbox 762 1565 793 1624; x_wconf 92' lang='lat' dir='ltr'><strong>in</strong></span> <span class='ocrx_word' id='word_1_78' title='bbox 817 1562 946 1643; x_wconf 87' lang='lat' dir='ltr'><strong>publicis</strong></span> <span class='ocrx_word' id='word_1_79' title='bbox 968 1562 1186 1644; x_wconf 90' lang='lat' dir='ltr'><strong>positionibus,</strong></span> 
     </span>
     <span class='ocr_line' id='line_1_14' title="bbox 260 1644 1187 1727; baseline 0.001 -23"><span class='ocrx_word' id='word_1_80' title='bbox 260 1645 422 1704; x_wconf 87' lang='lat' dir='ltr'><strong>venierum</strong></span> <span class='ocrx_word' id='word_1_81' title='bbox 443 1644 672 1726; x_wconf 86' lang='lat' dir='ltr'><strong>preedioetores</strong></span> <span class='ocrx_word' id='word_1_82' title='bbox 695 1647 859 1708; x_wconf 81' lang='lat' dir='ltr'><strong>licentiose</strong></span> <span class='ocrx_word' id='word_1_83' title='bbox 879 1662 934 1707; x_wconf 85' lang='lat' dir='ltr'><strong>sue</strong></span> <span class='ocrx_word' id='word_1_84' title='bbox 955 1644 1187 1727; x_wconf 86' lang='lat' dir='ltr'><strong>preedicetione</strong></span> 
     </span>
     <span class='ocr_line' id='line_1_15' title="bbox 259 1727 1186 1810; baseline 0.001 -23"><span class='ocrx_word' id='word_1_85' title='bbox 259 1729 290 1788; x_wconf 92' lang='lat' dir='ltr'><strong>in</strong></span> <span class='ocrx_word' id='word_1_86' title='bbox 325 1733 446 1788; x_wconf 75' lang='lat' dir='ltr'><strong>tenum</strong></span> <span class='ocrx_word' id='word_1_87' title='bbox 480 1727 629 1810; x_wconf 89' lang='lat' dir='ltr'><strong>delicere,</strong></span> <span class='ocrx_word' id='word_1_88' title='bbox 662 1729 745 1810; x_wconf 92' lang='lat' dir='ltr'><strong>quod</strong></span> <span class='ocrx_word' id='word_1_89' title='bbox 781 1731 875 1790; x_wconf 86' lang='lat' dir='ltr'><strong>etiem</strong></span> <span class='ocrx_word' id='word_1_90' title='bbox 911 1748 1013 1810; x_wconf 87' lang='lat' dir='ltr'><strong>pepse</strong></span> <span class='ocrx_word' id='word_1_91' title='bbox 1045 1746 1186 1790; x_wconf 80' lang='lat' dir='ltr'><strong>revereo-</strong></span> 
     </span>
     <span class='ocr_line' id='line_1_16' title="bbox 259 1810 1186 1893; baseline 0.002 -23"><span class='ocrx_word' id='word_1_92' title='bbox 259 1811 335 1871; x_wconf 87' lang='lat' dir='ltr'><strong>tiem</strong></span> <span class='ocrx_word' id='word_1_93' title='bbox 358 1811 431 1870; x_wconf 87' lang='lat' dir='ltr'><strong>viris</strong></span> <span class='ocrx_word' id='word_1_94' title='bbox 453 1810 552 1872; x_wconf 87' lang='lat' dir='ltr'><strong>doctis</strong></span> <span class='ocrx_word' id='word_1_95' title='bbox 574 1831 637 1873; x_wconf 90' lang='lat' dir='ltr'><strong>non</strong></span> <span class='ocrx_word' id='word_1_96' title='bbox 660 1815 700 1873; x_wconf 87' lang='lat' dir='ltr'><strong>sit</strong></span> <span class='ocrx_word' id='word_1_97' title='bbox 720 1813 812 1874; x_wconf 83' lang='lat' dir='ltr'><strong>lecile</strong></span> <span class='ocrx_word' id='word_1_98' title='bbox 833 1812 873 1875; x_wconf 87' lang='lat' dir='ltr'><strong>eb</strong></span> <span class='ocrx_word' id='word_1_99' title='bbox 894 1819 1071 1893; x_wconf 77' lang='lat' dir='ltr'><strong>ergutorum</strong></span> <span class='ocrx_word' id='word_1_100' title='bbox 1093 1811 1186 1872; x_wconf 88' lang='lat' dir='ltr'><strong>lsieo·</strong></span> 
     </span>
     <span class='ocr_line' id='line_1_17' title="bbox 260 1891 1186 1976; baseline 0.001 -23"><span class='ocrx_word' id='word_1_101' title='bbox 260 1913 329 1953; x_wconf 86' lang='lat' dir='ltr'><strong>rum</strong></span> <span class='ocrx_word' id='word_1_102' title='bbox 360 1891 591 1972; x_wconf 71' lang='lat' dir='ltr'><strong>quaestionibus</strong></span> <span class='ocrx_word' id='word_1_103' title='bbox 617 1894 785 1971; x_wconf 86' lang='lat' dir='ltr'><strong>redimere,</strong></span> <span class='ocrx_word' id='word_1_104' title='bbox 818 1902 868 1956; x_wconf 88' lang='lat' dir='ltr'><strong>eet</strong></span> <span class='ocrx_word' id='word_1_105' title='bbox 888 1904 961 1976; x_wconf 89' lang='lat' dir='ltr'><strong>post</strong></span> <span class='ocrx_word' id='word_1_106' title='bbox 982 1914 1082 1976; x_wconf 79' lang='lat' dir='ltr'><strong>pepee</strong></span> <span class='ocrx_word' id='word_1_107' title='bbox 1103 1895 1186 1974; x_wconf 89' lang='lat' dir='ltr'><strong>prius</strong></span> 
     </span>
     <span class='ocr_line' id='line_1_18' title="bbox 259 1975 1186 2058; baseline 0.001 -22"><span class='ocrx_word' id='word_1_108' title='bbox 259 1975 379 2036; x_wconf 81' lang='lat' dir='ltr'><strong>illetem</strong></span> <span class='ocrx_word' id='word_1_109' title='bbox 410 1978 629 2039; x_wconf 70' lang='lat' dir='ltr'><strong>contemeliam</strong></span> <span class='ocrx_word' id='word_1_110' title='bbox 648 1977 751 2040; x_wconf 85' lang='lat' dir='ltr'><strong>eidem</strong></span> <span class='ocrx_word' id='word_1_111' title='bbox 773 1978 904 2040; x_wconf 84' lang='lat' dir='ltr'><strong>blendiri</strong></span> <span class='ocrx_word' id='word_1_112' title='bbox 925 1997 965 2039; x_wconf 88' lang='lat' dir='ltr'><strong>ec</strong></span> <span class='ocrx_word' id='word_1_113' title='bbox 985 1986 1093 2058; x_wconf 88' lang='lat' dir='ltr'><strong>eperte</strong></span> <span class='ocrx_word' id='word_1_114' title='bbox 1114 1978 1186 2038; x_wconf 88' lang='lat' dir='ltr'><strong>insi-</strong></span> 
     </span>
     <span class='ocr_line' id='line_1_19' title="bbox 261 2061 1220 2225; baseline 0.002 -23"><span class='ocrx_word' id='word_1_115' title='bbox 261 2066 577 2205; x_wconf 56' lang='lat' dir='ltr'><strong>ffilfflm</strong></span> <span class='ocrx_word' id='word_1_116' title='bbox 592 2079 726 2224; x_wconf 60' lang='lat' dir='ltr'><strong>‘tlt</strong></span> <span class='ocrx_word' id='word_1_117' title='bbox 745 2061 1189 2225; x_wconf 57' lang='lat' dir='ltr'><strong>&#39;&#39;illst‘zalilt‘mt</strong></span> <span class='ocrx_word' id='word_1_118' title='bbox 1217 2202 1220 2214; x_wconf 85' lang='grc'>,</span> 
     </span>
     <span class='ocr_line' id='line_1_20' title="bbox 261 2243 378 2286; baseline 0.009 -1"><span class='ocrx_word' id='word_1_119' title='bbox 261 2243 378 2286; x_wconf 58' lang='lat' dir='ltr'><strong>erraret</strong></span> 
     </span>
    </p>

    <p class='ocr_par' dir='ltr' id='par_1_3' title="bbox 260 2307 1269 2806">
     <span class='ocr_line' id='line_1_21' title="bbox 347 2307 1196 2393; baseline -0.002 -23"><span class='ocrx_word' id='word_1_120' title='bbox 347 2309 425 2384; x_wconf 79' lang='lat'><strong>104)</strong></span> <span class='ocrx_word' id='word_1_121' title='bbox 451 2307 564 2391; x_wconf 84' lang='lat' dir='ltr'><strong>Gulpes</strong></span> <span class='ocrx_word' id='word_1_122' title='bbox 586 2308 691 2371; x_wconf 88' lang='lat' dir='ltr'><strong>delere</strong></span> <span class='ocrx_word' id='word_1_123' title='bbox 712 2312 860 2372; x_wconf 81' lang='lat' dir='ltr'><strong>convenit</strong></span> <span class='ocrx_word' id='word_1_124' title='bbox 879 2309 1196 2393; x_wconf 80' lang='lat' dir='ltr'><strong>grstieeformeliter„</strong></span> 
     </span>
     <span class='ocr_line' id='line_1_22' title="bbox 261 2390 1186 2475; baseline -0.001 -23"><span class='ocrx_word' id='word_1_125' title='bbox 261 2390 406 2453; x_wconf 71' lang='lat' dir='ltr'><strong>effective</strong></span> <span class='ocrx_word' id='word_1_126' title='bbox 436 2393 503 2455; x_wconf 90' lang='lat' dir='ltr'><strong>Deo</strong></span> <span class='ocrx_word' id='word_1_127' title='bbox 539 2401 571 2455; x_wconf 92' lang='lat' dir='ltr'><strong>et</strong></span> <span class='ocrx_word' id='word_1_128' title='bbox 596 2394 826 2475; x_wconf 77' lang='lat' dir='ltr'><strong>principaliter,</strong></span> <span class='ocrx_word' id='word_1_129' title='bbox 860 2394 1043 2475; x_wconf 84' lang='lat' dir='ltr'><strong>dispositive</strong></span> <span class='ocrx_word' id='word_1_130' title='bbox 1068 2392 1186 2453; x_wconf 89' lang='lat' dir='ltr'><strong>homini</strong></span> 
     </span>
     <span class='ocr_line' id='line_1_23' title="bbox 260 2476 1185 2557; baseline -0.001 -22"><span class='ocrx_word' id='word_1_131' title='bbox 260 2494 357 2555; x_wconf 91' lang='lat' dir='ltr'><strong>puro,</strong></span> <span class='ocrx_word' id='word_1_132' title='bbox 379 2476 453 2536; x_wconf 90' lang='lat' dir='ltr'><strong>licet</strong></span> <span class='ocrx_word' id='word_1_133' title='bbox 471 2476 706 2557; x_wconf 86' lang='lat' dir='ltr'><strong>insufficienter,</strong></span> <span class='ocrx_word' id='word_1_134' title='bbox 729 2479 955 2539; x_wconf 82' lang='lat' dir='ltr'><strong>setisiecienter</strong></span> <span class='ocrx_word' id='word_1_135' title='bbox 976 2476 1117 2552; x_wconf 77' lang='lat' dir='ltr'><strong>Christo,</strong></span> <span class='ocrx_word' id='word_1_136' title='bbox 1138 2494 1185 2535; x_wconf 87' lang='lat' dir='ltr'><strong>se·</strong></span> 
     </span>
     <span class='ocr_line' id='line_1_24' title="bbox 261 2558 1186 2641; baseline -0.001 -22"><span class='ocrx_word' id='word_1_137' title='bbox 261 2560 428 2619; x_wconf 78' lang='lat' dir='ltr'><strong>crementis</strong></span> <span class='ocrx_word' id='word_1_138' title='bbox 449 2560 730 2640; x_wconf 75' lang='lat' dir='ltr'><strong>instrumenteliten</strong></span> <span class='ocrx_word' id='word_1_139' title='bbox 774 2559 919 2639; x_wconf 76' lang='lat' dir='ltr'><strong>Quisquis</strong></span> <span class='ocrx_word' id='word_1_140' title='bbox 940 2579 1016 2641; x_wconf 82' lang='lat' dir='ltr'><strong>ergo</strong></span> <span class='ocrx_word' id='word_1_141' title='bbox 1036 2558 1114 2619; x_wconf 90' lang='lat' dir='ltr'><strong>dicit</strong></span> <span class='ocrx_word' id='word_1_142' title='bbox 1133 2578 1186 2637; x_wconf 90' lang='lat' dir='ltr'><strong>pe·</strong></span> 
     </span>
     <span class='ocr_line' id='line_1_25' title="bbox 260 2639 1269 2723; baseline 0.002 -20"><span class='ocrx_word' id='word_1_143' title='bbox 260 2660 334 2721; x_wconf 87' lang='lat' dir='ltr'><strong>pem</strong></span> <span class='ocrx_word' id='word_1_144' title='bbox 363 2642 425 2703; x_wconf 90' lang='lat' dir='ltr'><strong>hoc</strong></span> <span class='ocrx_word' id='word_1_145' title='bbox 446 2642 539 2705; x_wconf 89' lang='lat' dir='ltr'><strong>modo</strong></span> <span class='ocrx_word' id='word_1_146' title='bbox 568 2644 726 2704; x_wconf 88' lang='lat' dir='ltr'><strong>minimum</strong></span> <span class='ocrx_word' id='word_1_147' title='bbox 753 2643 887 2722; x_wconf 79' lang='lat' dir='ltr'><strong>veniale,</strong></span> <span class='ocrx_word' id='word_1_148' title='bbox 922 2642 1025 2723; x_wconf 84' lang='lat' dir='ltr'><strong>quoed</strong></span> <span class='ocrx_word' id='word_1_149' title='bbox 1052 2639 1185 2721; x_wconf 86' lang='lat' dir='ltr'><strong>culpem,</strong></span> <span class='ocrx_word' id='word_1_150' title='bbox 1265 2695 1269 2705; x_wconf 82' lang='lat'>‚</span> 
     </span>
     <span class='ocr_line' id='line_1_26' title="bbox 261 2724 716 2806; baseline 0.011 -22"><span class='ocrx_word' id='word_1_151' title='bbox 261 2724 389 2785; x_wconf 83' lang='lat' dir='ltr'><strong>solvere</strong></span> <span class='ocrx_word' id='word_1_152' title='bbox 409 2744 473 2785; x_wconf 91' lang='lat' dir='ltr'><strong>non</strong></span> <span class='ocrx_word' id='word_1_153' title='bbox 494 2745 604 2806; x_wconf 91' lang='lat' dir='ltr'><strong>posse,</strong></span> <span class='ocrx_word' id='word_1_154' title='bbox 626 2734 716 2789; x_wconf 80' lang='lat' dir='ltr'><strong>erret</strong></span> 
     </span>
    </p>

    <p class='ocr_par' dir='ltr' id='par_1_4' title="bbox 349 2808 1186 2880">
     <span class='ocr_line' id='line_1_27' title="bbox 349 2808 1186 2880; baseline -0.001 -10"><span class='ocrx_word' id='word_1_155' title='bbox 349 2808 425 2880; x_wconf 81' lang='lat' dir='ltr'><strong>loe)</strong></span> <span class='ocrx_word' id='word_1_156' title='bbox 449 2808 589 2870; x_wconf 82' lang='lat' dir='ltr'><strong>Eeudem</strong></span> <span class='ocrx_word' id='word_1_157' title='bbox 616 2828 686 2870; x_wconf 88' lang='lat' dir='ltr'><strong>esse</strong></span> <span class='ocrx_word' id='word_1_158' title='bbox 716 2809 798 2871; x_wconf 83' lang='lat' dir='ltr'><strong>Petri</strong></span> <span class='ocrx_word' id='word_1_159' title='bbox 835 2816 868 2870; x_wconf 91' lang='lat' dir='ltr'><strong>et</strong></span> <span class='ocrx_word' id='word_1_160' title='bbox 895 2810 1031 2870; x_wconf 86' lang='lat' dir='ltr'><strong>omnium</strong></span> <span class='ocrx_word' id='word_1_161' title='bbox 1059 2808 1186 2869; x_wconf 88' lang='lat' dir='ltr'><strong>vicerio·</strong></span> 
     </span>
    </p>
   </div>
   <div class='ocr_carea' id='block_1_3' title="bbox 162 2890 1185 2988">
    <p class='ocr_par' dir='ltr' id='par_1_5' title="bbox 162 2890 1185 2988">
     <span class='ocr_line' id='line_1_28' title="bbox 162 2890 1185 2988; baseline 0 -37"><span class='ocrx_word' id='word_1_162' title='bbox 162 2958 169 2971; x_wconf 26' lang='grc' dir='ltr'><strong>λ</strong></span> <span class='ocrx_word' id='word_1_163' title='bbox 261 2910 332 2951; x_wconf 90' lang='lat' dir='ltr'><strong>rum</strong></span> <span class='ocrx_word' id='word_1_164' title='bbox 359 2897 561 2972; x_wconf 77' lang='lat' dir='ltr'><strong>potestatem,</strong></span> <span class='ocrx_word' id='word_1_165' title='bbox 593 2894 646 2972; x_wconf 91' lang='lat' dir='ltr'><strong>qui</strong></span> <span class='ocrx_word' id='word_1_166' title='bbox 675 2899 785 2972; x_wconf 76' lang='lat' dir='ltr'><strong>neget,</strong></span> <span class='ocrx_word' id='word_1_167' title='bbox 823 2898 921 2970; x_wconf 89' lang='lat' dir='ltr'><strong>erret,</strong></span> <span class='ocrx_word' id='word_1_168' title='bbox 955 2892 1069 2971; x_wconf 90' lang='lat' dir='ltr'><strong>quique</strong></span> <span class='ocrx_word' id='word_1_169' title='bbox 1090 2890 1185 2988; x_wconf 75' lang='lat' dir='ltr'><strong>pluris</strong></span> 
     </span>
    </p>
   </div>
   <div class='ocr_carea' id='block_1_4' title="bbox 163 3692 165 3783">
    <p class='ocr_par' dir='ltr' id='par_1_6' title="bbox 163 3676 165 3823">
     <span class='ocr_line' id='line_1_29' title="bbox 163 3692 165 3783; baseline 0 40"><span class='ocrx_word' id='word_1_170' title='bbox 163 3692 165 3783; x_wconf 75' lang='lat' dir='ltr'><strong>l</strong></span> 
     </span>
    </p>
   </div>
   <div class='ocr_carea' id='block_1_5' title="bbox 260 2974 1233 3703">
    <p class='ocr_par' dir='ltr' id='par_1_7' title="bbox 260 2974 1185 3138">
     <span class='ocr_line' id='line_1_30' title="bbox 260 2974 1185 3055; baseline 0.001 -20"><span class='ocrx_word' id='word_1_171' title='bbox 260 2992 358 3054; x_wconf 91' lang='lat' dir='ltr'><strong>posse</strong></span> <span class='ocrx_word' id='word_1_172' title='bbox 379 2980 468 3054; x_wconf 90' lang='lat' dir='ltr'><strong>putet</strong></span> <span class='ocrx_word' id='word_1_173' title='bbox 486 2976 518 3035; x_wconf 94' lang='lat' dir='ltr'><strong>in</strong></span> <span class='ocrx_word' id='word_1_174' title='bbox 540 2976 638 3037; x_wconf 85' lang='lat' dir='ltr'><strong>veniis</strong></span> <span class='ocrx_word' id='word_1_175' title='bbox 660 2975 783 3036; x_wconf 87' lang='lat' dir='ltr'><strong>Petrum</strong></span> <span class='ocrx_word' id='word_1_176' title='bbox 805 2992 896 3053; x_wconf 89' lang='lat' dir='ltr'><strong>quem</strong></span> <span class='ocrx_word' id='word_1_177' title='bbox 918 2974 1065 3053; x_wconf 62' lang='grc' dir='ltr'>Ιιοοιιοω,</span> <span class='ocrx_word' id='word_1_178' title='bbox 1087 2993 1185 3055; x_wconf 74' lang='lat' dir='ltr'><strong>mogus</strong></span> 
     </span>
     <span class='ocr_line' id='line_1_31' title="bbox 261 3056 662 3138; baseline 0.01 -22"><span class='ocrx_word' id='word_1_179' title='bbox 261 3063 354 3136; x_wconf 83' lang='lat' dir='ltr'><strong>erret,</strong></span> <span class='ocrx_word' id='word_1_180' title='bbox 376 3058 439 3118; x_wconf 86' lang='lat' dir='ltr'><strong>imo</strong></span> <span class='ocrx_word' id='word_1_181' title='bbox 458 3056 662 3138; x_wconf 82' lang='lat' dir='ltr'><strong>blasphemet.</strong></span> 
     </span>
    </p>

    <p class='ocr_par' dir='ltr' id='par_1_8' title="bbox 260 3139 1233 3703">
     <span class='ocr_line' id='line_1_32' title="bbox 327 3139 1185 3220; baseline -0.003 -18"><span class='ocrx_word' id='word_1_182' title='bbox 327 3210 329 3215; x_wconf 49' lang='grc'>,</span> <span class='ocrx_word' id='word_1_183' title='bbox 391 3142 468 3217; x_wconf 78' lang='grc'><strong>106)</strong></span> <span class='ocrx_word' id='word_1_184' title='bbox 493 3140 578 3202; x_wconf 83' lang='lat' dir='ltr'><strong>Sicut</strong></span> <span class='ocrx_word' id='word_1_185' title='bbox 611 3142 662 3220; x_wconf 92' lang='lat' dir='ltr'><strong>qui</strong></span> <span class='ocrx_word' id='word_1_186' title='bbox 692 3160 816 3201; x_wconf 88' lang='lat' dir='ltr'><strong>crucem</strong></span> <span class='ocrx_word' id='word_1_187' title='bbox 847 3140 975 3218; x_wconf 81' lang='lat' dir='ltr'><strong>Christi,</strong></span> <span class='ocrx_word' id='word_1_188' title='bbox 1007 3140 1058 3201; x_wconf 83' lang='lat' dir='ltr'><strong>vel</strong></span> <span class='ocrx_word' id='word_1_189' title='bbox 1091 3139 1185 3201; x_wconf 76' lang='lat' dir='ltr'><strong>aliem</strong></span> 
     </span>
     <span class='ocr_line' id='line_1_33' title="bbox 261 3223 1185 3305; baseline -0.002 -22"><span class='ocrx_word' id='word_1_190' title='bbox 261 3240 477 3302; x_wconf 85' lang='lat' dir='ltr'><strong>quemcunque</strong></span> <span class='ocrx_word' id='word_1_191' title='bbox 504 3224 669 3305; x_wconf 81' lang='lat' dir='ltr'><strong>imsginem</strong></span> <span class='ocrx_word' id='word_1_192' title='bbox 700 3230 836 3301; x_wconf 80' lang='lat' dir='ltr'><strong>utrem,</strong></span> <span class='ocrx_word' id='word_1_193' title='bbox 864 3232 896 3285; x_wconf 86' lang='lat' dir='ltr'><strong>et</strong></span> <span class='ocrx_word' id='word_1_194' title='bbox 916 3243 978 3285; x_wconf 91' lang='lat' dir='ltr'><strong>non</strong></span> <span class='ocrx_word' id='word_1_195' title='bbox 1001 3230 1036 3284; x_wconf 91' lang='lat' dir='ltr'><strong>ut</strong></span> <span class='ocrx_word' id='word_1_196' title='bbox 1053 3223 1079 3282; x_wconf 88' lang='lat' dir='ltr'><strong>si</strong></span> <span class='ocrx_word' id='word_1_197' title='bbox 1124 3243 1185 3299; x_wconf 87' lang='lat' dir='ltr'><strong>um,</strong></span> 
     </span>
     <span class='ocr_line' id='line_1_34' title="bbox 261 3304 1233 3387; baseline -0.001 -21"><span class='ocrx_word' id='word_1_198' title='bbox 261 3306 355 3367; x_wconf 86' lang='lat' dir='ltr'><strong>istrie</strong></span> <span class='ocrx_word' id='word_1_199' title='bbox 382 3305 504 3385; x_wconf 83' lang='lat' dir='ltr'><strong>ederet,</strong></span> <span class='ocrx_word' id='word_1_200' title='bbox 536 3314 631 3386; x_wconf 87' lang='lat' dir='ltr'><strong>erret,</strong></span> <span class='ocrx_word' id='word_1_201' title='bbox 666 3309 723 3385; x_wconf 86' lang='lat' dir='ltr'><strong>its,</strong></span> <span class='ocrx_word' id='word_1_202' title='bbox 752 3309 949 3387; x_wconf 79' lang='lat' dir='ltr'><strong>quentnmvis</strong></span> <span class='ocrx_word' id='word_1_203' title='bbox 976 3326 1053 3367; x_wconf 83' lang='lat' dir='ltr'><strong>crux</strong></span> <span class='ocrx_word' id='word_1_204' title='bbox 1099 3304 1184 3367; x_wconf 72' lang='lat' dir='ltr'><strong>inusti</strong></span> <span class='ocrx_word' id='word_1_205' title='bbox 1198 3313 1205 3323; x_wconf 61' lang='lat'><em>¹</em></span> <span class='ocrx_word' id='word_1_206' title='bbox 1219 3314 1233 3324; x_wconf 79' lang='grc'><em>”</em></span> 
     </span>
     <span class='ocr_line' id='line_1_35' title="bbox 260 3387 1185 3469; baseline -0.002 -21"><span class='ocrx_word' id='word_1_207' title='bbox 260 3390 291 3449; x_wconf 92' lang='lat' dir='ltr'><strong>in</strong></span> <span class='ocrx_word' id='word_1_208' title='bbox 320 3387 424 3449; x_wconf 85' lang='lat' dir='ltr'><strong>multis</strong></span> <span class='ocrx_word' id='word_1_209' title='bbox 449 3389 536 3469; x_wconf 87' lang='lat' dir='ltr'><strong>eliis,</strong></span> <span class='ocrx_word' id='word_1_210' title='bbox 552 3410 555 3415; x_wconf 70' lang='grc'>’</span> <span class='ocrx_word' id='word_1_211' title='bbox 569 3396 603 3449; x_wconf 89' lang='lat' dir='ltr'><strong>ut</strong></span> <span class='ocrx_word' id='word_1_212' title='bbox 630 3392 731 3451; x_wconf 88' lang='lat' dir='ltr'><strong>censis</strong></span> <span class='ocrx_word' id='word_1_213' title='bbox 753 3389 960 3467; x_wconf 73' lang='lat' dir='ltr'><strong>odontionis,</strong></span> <span class='ocrx_word' id='word_1_214' title='bbox 996 3392 1133 3469; x_wconf 71' lang='lat' dir='ltr'><strong>praestet</strong></span> <span class='ocrx_word' id='word_1_215' title='bbox 1153 3395 1185 3447; x_wconf 89' lang='lat' dir='ltr'><strong>et</strong></span> 
     </span>
     <span class='ocr_line' id='line_1_36' title="bbox 260 3472 1184 3554; baseline -0.003 -22"><span class='ocrx_word' id='word_1_216' title='bbox 260 3472 337 3551; x_wconf 88' lang='lat' dir='ltr'><strong>plus</strong></span> <span class='ocrx_word' id='word_1_217' title='bbox 360 3473 400 3532; x_wconf 90' lang='lat' dir='ltr'><strong>sit</strong></span> <span class='ocrx_word' id='word_1_218' title='bbox 427 3472 618 3551; x_wconf 77' lang='lat' dir='ltr'><strong>venerenda,</strong></span> <span class='ocrx_word' id='word_1_219' title='bbox 652 3475 704 3554; x_wconf 89' lang='lat' dir='ltr'><strong>qui</strong></span> <span class='ocrx_word' id='word_1_220' title='bbox 723 3479 827 3534; x_wconf 85' lang='lat' dir='ltr'><strong>temen</strong></span> <span class='ocrx_word' id='word_1_221' title='bbox 848 3472 910 3534; x_wconf 88' lang='lat' dir='ltr'><strong>elie</strong></span> <span class='ocrx_word' id='word_1_222' title='bbox 930 3472 1035 3549; x_wconf 87' lang='lat' dir='ltr'><strong>istrie,</strong></span> <span class='ocrx_word' id='word_1_223' title='bbox 1066 3477 1099 3529; x_wconf 89' lang='lat' dir='ltr'><strong>et</strong></span> <span class='ocrx_word' id='word_1_224' title='bbox 1120 3489 1184 3531; x_wconf 90' lang='lat' dir='ltr'><strong>nou</strong></span> 
     </span>
     <span class='ocr_line' id='line_1_37' title="bbox 260 3551 1183 3638; baseline -0.001 -24"><span class='ocrx_word' id='word_1_225' title='bbox 260 3552 385 3635; x_wconf 87' lang='lat' dir='ltr'><strong>eequeli</strong></span> <span class='ocrx_word' id='word_1_226' title='bbox 407 3574 491 3634; x_wconf 84' lang='lat' dir='ltr'><strong>cem,</strong></span> <span class='ocrx_word' id='word_1_227' title='bbox 513 3562 545 3616; x_wconf 91' lang='lat' dir='ltr'><strong>et</strong></span> <span class='ocrx_word' id='word_1_228' title='bbox 565 3555 726 3638; x_wconf 87' lang='lat' dir='ltr'><strong>pepelibus</strong></span> <span class='ocrx_word' id='word_1_229' title='bbox 748 3556 927 3636; x_wconf 82' lang='lat' dir='ltr'><strong>insignitem</strong></span> <span class='ocrx_word' id='word_1_230' title='bbox 949 3554 1041 3615; x_wconf 87' lang='lat' dir='ltr'><strong>ermis</strong></span> <span class='ocrx_word' id='word_1_231' title='bbox 1064 3551 1183 3630; x_wconf 87' lang='lat' dir='ltr'><strong>ederet,</strong></span> 
     </span>
     <span class='ocr_line' id='line_1_38' title="bbox 261 3637 574 3703; baseline 0.019 -6"><span class='ocrx_word' id='word_1_232' title='bbox 261 3637 410 3699; x_wconf 86' lang='lat' dir='ltr'><strong>idoletret</strong></span> <span class='ocrx_word' id='word_1_233' title='bbox 431 3644 464 3699; x_wconf 85' lang='lat' dir='ltr'><strong>et</strong></span> <span class='ocrx_word' id='word_1_234' title='bbox 485 3646 574 3703; x_wconf 81' lang='lat' dir='ltr'><strong>erret</strong></span> 
     </span>
    </p>
   </div>
   <div class='ocr_carea' id='block_1_6' title="bbox 287 4024 974 4207">
    <p class='ocr_par' dir='ltr' id='par_1_9' title="bbox 287 4024 974 4207">
     <span class='ocr_line' id='line_1_39' title="bbox 869 4024 880 4056; baseline 0 0"><span class='ocrx_word' id='word_1_235' title='bbox 869 4024 880 4056; x_wconf 74' lang='lat' dir='ltr'><strong>o</strong></span> 
     </span>
     <span class='ocr_line' id='line_1_40' title="bbox 287 4072 974 4162; baseline -0.009 -13"><span class='ocrx_word' id='word_1_236' title='bbox 287 4104 381 4149; x_wconf 79' lang='lat' dir='ltr'><strong>Lutherl</strong></span> <span class='ocrx_word' id='word_1_237' title='bbox 395 4101 448 4158; x_wconf 81' lang='lat' dir='ltr'><strong>dpp.</strong></span> <span class='ocrx_word' id='word_1_238' title='bbox 462 4106 488 4152; x_wconf 73' lang='lat' dir='ltr'><strong>V.</strong></span> <span class='ocrx_word' id='word_1_239' title='bbox 501 4106 529 4151; x_wconf 77' lang='grc' dir='ltr'><strong>Α.</strong></span> <span class='ocrx_word' id='word_1_240' title='bbox 543 4107 572 4148; x_wconf 71' lang='lat' dir='ltr'><strong>sd</strong></span> <span class='ocrx_word' id='word_1_241' title='bbox 585 4108 626 4147; x_wconf 81' lang='lat' dir='ltr'><strong>rel.</strong></span> <span class='ocrx_word' id='word_1_242' title='bbox 639 4107 689 4147; x_wconf 79' lang='lat' dir='ltr'><strong>hist.</strong></span> <span class='ocrx_word' id='word_1_243' title='bbox 701 4104 719 4162; x_wconf 67' lang='lat' dir='ltr'><strong>l.</strong></span> <span class='ocrx_word' id='word_1_244' title='bbox 732 4116 754 4156; x_wconf 83' lang='lat' dir='ltr'><strong>p.</strong></span> <span class='ocrx_word' id='word_1_245' title='bbox 768 4104 819 4148; x_wconf 85' lang='lat' dir='ltr'><strong>Vol.</strong></span> <span class='ocrx_word' id='word_1_246' title='bbox 832 4104 851 4145; x_wconf 89' lang='lat'><strong>1.</strong></span> <span class='ocrx_word' id='word_1_247' title='bbox 933 4072 974 4137; x_wconf 71' lang='lat'><strong>20</strong></span> 
     </span>
     <span class='ocr_line' id='line_1_41' title="bbox 558 4176 564 4207; baseline 0 0"><span class='ocrx_word' id='word_1_248' title='bbox 558 4176 564 4207; x_wconf 78' lang='lat' dir='ltr'><strong>r</strong></span> 
     </span>
    </p>
   </div>
   <div class='ocr_carea' id='block_1_7' title="bbox 0 0 1542 4750">
    <p class='ocr_par' dir='ltr' id='par_1_10' title="bbox 0 0 1542 4750">
     <span class='ocr_line' id='line_1_42' title="bbox 0 0 1542 4750; baseline 0 0"><span class='ocrx_word' id='word_1_249' title='bbox 0 0 1542 4750; x_wconf 95' lang='lat' dir='ltr'><strong> </strong></span> 
     </span>
    </p>
   </div>
  </div>
 </body>
</html>
