3075 4750
312 451 335 518 8
451 465 456 476 ²
676 452 812 506 Praefatio
912 450 920 470 ‘

317 622 436 703 aptavit
456 617 660 680 universalem
681 618 827 680 libroruin
856 635 980 678 auorum
1000 619 1172 698 interitum,
1206 628 1240 680 et

263 749 288 774 2
317 711 390 766 vota
410 703 496 778 ieait,
519 707 551 760 ut
573 719 681 761 omnes
701 702 842 762 homines
864 701 1005 780 legerent
1032 704 1147 782 scripta
1166 721 1239 782 pru-

296 788 440 868 ·phetiua
462 789 492 844 et
513 784 701 864 apostoliea,
733 791 826 864 atque
850 803 889 844 ex
910 783 957 842 his
980 790 1124 862 tanquam
1146 785 1238 846 lonti-

317 871 374 930 bus
396 885 496 946 aquae
515 867 615 944 vivae,
637 866 676 926 ad
699 885 778 946 quos
798 865 1010 946 repurgandos
1032 874 1149 926 tantum
1171 875 1239 927 atu-

318 953 400 1011 dium
423 955 601 1027 tantamque
623 969 748 1029 operam
772 949 910 1025 eoutulit,
932 967 1037 1008 veram
1049 951 1108 1010 Dei
1128 951 1240 1030 agniti·

319 1052 410 1093 onem
434 1038 464 1091 et
484 1033 714 1092 invocationem
738 1033 909 1092 haurirent:
936 1038 1040 1090 tamen
1061 1035 1160 1112 major
1184 1053 1239 1093 no·

317 1115 364 1175 bis
376 1116 465 1175 11atio
487 1114 631 1176 habenda
652 1121 708 1192 est,
731 1115 804 1193 quid
827 1114 977 1174 ecelesiae
998 1113 1109 1175 Christi
1130 1135 1240 1176 nenes-

318 1199 432 1258 sariam
455 1203 487 1256 et
508 1197 641 1258 salutare
664 1199 719 1272 sit,
753 1217 845 1276 quam
872 1196 945 1275 quid
973 1203 1082 1258 suntor
1109 1200 1178 1276 ipae
1199 1199 1240 1260 de

319 1282 382 1341 suis
413 1279 568 1340 laboribus
599 1280 739 1340 modesta
771 1280 921 1340 iudicarit.
964 1279 1033 1339 Hoe
1060 1281 1142 1340 enim
1174 1301 1239 1342 non

320 1363 461 1424 dubitans
483 1362 666 1422 confirmare
688 1383 829 1442 possum,
851 1365 1007 1425 neminem
1033 1363 1128 1422 fuisse
1149 1364 1242 1425 inter-

319 1453 438 1527 pretem
461 1463 501 1505 ex
523 1446 680 1522 omnibus,
711 1463 840 1524 quorum
870 1453 994 1505 exstant
1015 1445 1138 1523 literae,
1167 1455 1241 1526 post

320 1527 491 1608 apostolos,
514 1530 565 1608 qui
587 1535 673 1589 tanta
690 1529 758 1588 luoe
780 1537 812 1588 et
833 1527 943 1589 ardore
965 1528 1087 1606 spiritua
1108 1531 1244 1610 prophe-

320 1613 398 1672 tioos
421 1617 453 1670 et
473 1613 663 1690 apostolicos
676 1611 770 1672 libros
792 1611 958 1690 illustrarit,
981 1618 1013 1670 et
1026 1630 1135 1673 omnes
1156 1613 1241 1674 lana-

321 1695 405 1756 tioos
430 1713 565 1772 errores,
596 1695 805 1772 imprimisque
827 1694 908 1753 hune
935 1694 1181 1772 antiquissimum
1210 1704 1243 1757 et

320 1781 519 1855 postremum,
542 1776 625 1837 addo
640 1777 731 1835 etiam
746 1778 913 1855 pessimum
928 1795 967 1836 aa
977 1779 1241 1857 nocentissimum,

322 1857 404 1936 quod
416 1856 559 1918 videlieet
570 1859 674 1918 Bona
687 1859 810 1938 Opera
821 1858 876 1917 Ad
886 1859 1052 1919 Salutem
1066 1850 1245 1922 aduersaria

324 1942 394 2018 sint,
407 1939 502 2000 verbo
515 1943 573 2001 Dei
590 1949 652 2000 tam
666 1941 826 2000 evidenter
836 1942 975 2001 refutarit
984 1948 1076 2020 atque
1089 1947 1243 2007 everterit.

404 2022 512 2100 Neque
533 2043 607 2084 vero
637 2023 668 2082 id
691 2024 791 2083 solum
820 2025 986 2102 praestitit,
1008 2025 1062 2084 sed
1085 2027 1178 2085 etiam
1201 2027 1243 2088 de

323 2105 451 2184 singulis
487 2105 646 2166 doetrinae
679 2106 863 2166 christianae
898 2107 1047 2185 capitibus
1079 2109 1243 2170 eeclesiam

323 2187 496 2248 salutariter
523 2189 669 2258 erudivit,
701 2197 732 2248 et
752 2189 885 2268 quadarn
913 2189 1043 2249 excelsa·
1068 2195 1244 2253 constantia

323 2271 458 2330 nativam
481 2274 664 2332 sententiam
684 2272 733 2330 ‘de
761 2272 913 2350 baptismo
943 2279 973 2331 et
994 2271 1033 2332 de
1060 2292 1159 2334 auena
1181 2277 1243 2336 Do-

324 2354 398 2413 mini
425 2353 571 2415 adversus
599 2355 810 2435 anabaptistae
840 2361 871 2414 et
892 2355 1087 2435 Oinglianos-
1106 2357 1150 2417 ita
1174 2378 1244 2437 pro·

323 2438 481 2517 pugnavit,
504 2446 536 2497 ut
558 2458 649 2498 nemo
672 2440 719 2516 sit,
743 2458 833 2516 quern
856 2439 884 2497 ai
904 2440 935 2498 iu
957 2438 1025 2498 hoa·
1043 2458 1157 2520 genere
1178 2460 1244 2501 non

324 2519 393 2580 dieo
406 2527 604 2600 anteponere,
622 2521 676 2580 sed
691 2522 830 2580 conferre
844 2531 875 2579 et
886 2539 1066 2598 comparare
1077 2524 1242 2601 possimus.

406 2602 529 2675 Quanto
550 2604 643 2681 igitur
665 2622 733 2661 oum
749 2602 848 2661 lruotu
870 2601 938 2662 libri
952 2604 1126 2664 Reverendi
1147 2600 1243 2685 patris

323 2682 412 2743 Doni.
425 2684 547 2743 Martini
558 2684 680 2743 Lutheri
702 2684 762 2763 legi
786 2686 916 2762 possint,
939 2686 1021 2746 malo
1045 2707 1243 2767 unumquem-

323 2782 382 2844 que
405 2784 445 2825 ex
466 2768 533 2846 ipsa
554 2767 701 2844 leutione,
730 2786 822 2844 quam
845 2787 884 2825 ex
906 2768 982 2833 meis
1010 2770 1106 2830 literis
1128 2790 1244 2851 cogno-

323 2866 419 2924 soere,
441 2850 620 2927 praesertim
634 2868 700 2908 eum
714 2865 799 2923 vera,
822 2867 884 2909 non
896 2850 999 2911 fucata
1012 2852 1162 2913 artificum
1181 2855 1243 2913 lau-

324 2928 408 2990 datio
430 2932 461 2989 in
483 2932 557 3014 ipsis
581 2932 725 3011 operibus
752 2924 858 2993 bxstet
878 2940 971 3011 atque
994 2936 1136 2997 emineat.
1180 2938 1243 2997 Rea

325 3012 407 3072 enirn
429 3013 579 3091 ostendit,
608 3018 680 3075 ante
701 3016 849 3075 Dostoris
867 3015 989 3076 Lutheri
1016 3025 1149 3078 aetatem
1178 3028 1244 3079 tan-

324 3100 371 3155 tas
394 3096 424 3153 in
447 3096 579 3155 eeclesia
592 3098 733 3158 tenebras
755 3098 858 3174 fuisse,
882 3105 915 3157 ut
936 3118 994 3158 neu
1008 3100 1162 3180 doctores,
1185 3122 1245 3162 neo

324 3176 464 3256 disuipuli
481 3184 565 3238 oerto
589 3180 712 3257 seirent,
731 3179 888 3257 quomodo
912 3181 1154 3254 deturremisaio·
1173 3203 1244 3264 peu-

325 3266 481 3337 aatorum,
512 3268 543 3321 et
570 3263 702 3321 societas
731 3264 813 3322 vitae
841 3263 987 3324 eoelestis
1009 3284 1047 3325 au
1063 3266 1243 3345 -parbeataa

325 3341 427 3415 Quare
449 3362 517 3403 eum
547 3345 648 3403 miseri
672 3345 813 3405 homines
841 3347 872 3405 in
902 3365 1022 3408 summo
1051 3368 1154 3409 errore
1178 3363 1244 3409 ver·-'

325 3431 464 3485 serentur
491 3432 583 3504 atque
611 3428 641 3485 in
672 3429 871 3487 maximarum
903 3449 1004 3490 rerum
1037 3433 1243 3512 ignoratione,

324 3508 428 3569 variae
450 3528 487 3569 aa
509 3508 648 3569 diversae
670 3512 738 3571 viae
761 3512 1012 3590 quaesitaeaunt,
1036 3516 1184 3575 dueentes
1204 3517 1244 3578 ad

325 3597 438 3652 metam
467 3598 612 3652 aeternae
642 3592 757 3653 salutis.
802 3594 880 3654 Nam
908 3596 959 3656 alii
987 3598 1018 3656 in
1044 3598 1243 3659 solitudinem

325 3673 546 3751 disuessernnt,
577 3674 627 3733 alii
650 3679 730 3736 votis
754 3680 932 3738 monasticis
961 3698 1031 3739 sesa
1059 3680 1244 3761 obligarunt,

325 3758 447 3834 quidam
491 3758 675 3836 longinquas
709 3762 984 3839 'peregrinationes
1032 3772 1243 3844 susceperunt,

324 3840 463 3899 nonnulli
505 3840 638 3920 collegia
676 3840 915 3918 saurifiuulorum
955 3851 987 3905 et
1020 3848 1245 3908 monachorum

325 3923 466 3983 marianis
488 3922 665 4003 :sumptibus
699 3926 907 4004 instituerunt,
941 3935 973 3987 ut
1005 3928 1052 3988 his
1079 3930 1182 3989 arduis
1213 3938 1245 3991 et
