3075 4750
602 457 632 500 a.
651 428 722 502 ibib
739 439 838 502 babiti·
1145 437 1223 548 108.
1292 443 1298 454 '
1363 371 1365 388 Ι

282 631 389 680 oozam
411 613 554 694 prinoipe
573 611 776 697 pauperouius
797 612 877 693 tirgit
901 610 942 674 sd
962 608 1126 690 anguium:
1156 613 1206 692 qui

235 771 240 781 1
281 697 361 778 fugit
381 696 548 778 eognoseit
565 702 601 760 et
620 702 778 760 reveretur
800 696 996 758 maiestatem
1019 693 1095 772 eins,
1130 693 1207 760 elius

281 798 358 844 vero
381 779 510 846 dorsum
532 786 655 841 vertens
672 778 767 860 longe
781 777 899 841 resedit
912 783 1113 842 contemnens
1126 777 1207 857 prin.

281 863 395 942 oipem.
437 863 534 928 Disoe
556 881 631 944 ergo
652 862 704 924 hie
730 861 854 943 superbi
881 861 1014 924 hominis
1041 860 1207 940 propriora

280 951 339 1010 tea
381 945 489 1009 Primo
520 944 596 1008 nihil
617 951 715 1026 rogat
740 945 861 1026 Deum,
892 945 944 1023 qni
969 942 1082 1005 nullius
1115 959 1207 1023 egens

281 1027 340 1092 abi
370 1027 518 1107 videtur,
538 1047 576 1090 so
613 1028 660 1091 sie
688 1046 747 1089 nee
774 1027 874 1090 Deum
907 1025 965 1090 sibi
998 1027 1238 1088 neeessariam

278 1117 371 1192 purat
390 1126 471 1190 esse,
491 1109 546 1172 sad
567 1109 625 1176 sibi
645 1109 778 1188 suffieit,
800 1111 886 1190 quia,
915 1110 942 1170 si
964 1108 1022 1170 sibi
1049 1107 1206 1188 deiiceret,

278 1195 383 1260 osum
411 1200 551 1275 rugaret,
582 1200 614 1254 et
640 1195 850 1256 neeessariam
880 1191 1017 1254 haberet.
1061 1190 1206 1273 eiigitur

280 1276 373 1356 tollit,
394 1277 465 1340 Deo
486 1277 704 1342 neoessitatem
726 1283 759 1337 et
780 1275 885 1336 tribuit
906 1276 935 1336 ei
953 1274 1206 1355 eonongendsu,

278 1365 336 1425 aut
367 1360 467 1421 aufert
502 1359 563 1423 sibi
588 1359 756 1422 ,defectum
791 1364 822 1420 et
850 1357 955 1420 tribuit
990 1355 1204 1420 sufficentiam.

278 1443 400 1507 donna
420 1461 495 1507 vore
513 1441 639 1504 humilis
662 1441 701 1504 da
723 1460 779 1522 spe
800 1439 859 1503 sibi
886 1441 1032 1520 desperat
1053 1438 1206 1519 suffiosra,
1240 1450 1245 1456 ”

276 1545 374 1673 gnam
396 1526 532 1590 manime
546 1524 647 1588 Deum
669 1525 854 1604 eupittesse,
877 1529 908 1586 et
935 1527 1028 1604 rogat
1049 1521 1133 1602 quod
1154 1523 1205 1585 de

299 1608 364 1672 eit:
385 1608 455 1674 Imo
475 1607 576 1672 Deum
595 1607 765 1688 glorificat,
798 1612 830 1668 et
859 1611 907 1668 est
926 1607 1037 1668 inatus.
1081 1603 1205 1688 Optime
1328 1659 1332 1666 .

277 1698 387 1755 antem
413 1691 565 1755 Dominus
599 1709 664 1752 non
707 1689 803 1754 tabuit
843 1688 986 1750 simulata
1037 1687 1205 1750 eorundem

277 1774 463 1855 serba,qui
485 1772 607 1854 superbi
629 1778 715 1852 sunt,
744 1773 817 1852 quia
838 1778 870 1834 et
891 1771 949 1852 ipsi
972 1772 1087 1853 gratiss
1109 1779 1205 1854 agunt

277 1858 360 1935 neo,
383 1863 416 1920 st
435 1855 540 1921 dimini
566 1857 672 1919 omnis
691 1873 754 1934 ,sua
776 1869 816 1918 ex
837 1853 908 1916 Deo
935 1871 1020 1930 esse,
1054 1873 1088 1916 se
1118 1855 1204 1936 ipsus

277 1940 357 2003 nihil
378 1959 460 2019 ease,
480 1940 514 2000 in
530 1938 671 2002 omnibus
684 1937 828 2017 deiicere,
850 1943 882 1998 et
903 1938 1030 2000 omnino
1057 1957 1131 1998 vere
1150 1937 1204 1998 hu·

278 2023 400 2087 milium
421 2029 455 2084 et
472 2027 580 2104 gestus
603 2041 695 2102 qnam
717 2021 852 2085 maxime
879 2020 1040 2099 simutant,
1069 2021 1205 2102 speeiem

277 2106 402 2170 soilioet
421 2104 601 2166 humilitatis
622 2103 745 2184 quidem
766 2103 933 2178 habentes,
966 2104 1108 2164 virtutem
1138 2105 1204 2167 eius

278 2195 384 2252 autem
407 2187 608 2269 abnegantes,
630 2206 711 2267 quae
731 2186 889 2266 probatur,
911 2185 982 2246 dum
1004 2205 1039 2246 se
1059 2185 1129 2251 diis
1149 2187 1204 2248 iro-

278 2271 417 2338 minibus
438 2276 628 2350 oompsrant,
654 2270 693 2330 iis
715 2270 797 2332 enim
819 2287 854 2330 se
876 2268 1048 2330 assimilare
1073 2276 1105 2330 et
1130 2271 1204 2331 ossi-

279 2355 381 2418 milari
409 2353 495 2417 nullo
528 2352 623 2417 modo
658 2353 775 2415 volunt.
819 2351 962 2415 Secundo
998 2349 1120 2432 profluit
1149 2352 1205 2415 ills

281 2440 420 2502 eaeoitas
441 2443 474 2501 et
494 2437 671 2517 ignorantia
691 2436 738 2497 sui
759 2435 896 2514 ulterius,
920 2434 1041 2497 11er
1106 2436 1203 2496 stimrs

282 2522 369 2600 dioit,
391 2539 500 2601 panum
521 2526 570 2581 est
590 2520 690 2583 Deum
710 2538 773 2579 non
795 2538 909 2599 rogare
936 2516 991 2577 sed
1012 2536 1046 2577 sa
1080 2516 1203 2597 andare,

281 2622 472 2685 quamquam
492 2601 594 2665 verbis
615 2603 691 2665 mire
719 2620 789 2663 sese
815 2602 1005 2681 vituperent,¹
1023 2598 1080 2661 sed
1111 2600 1205 2662 eorda

282 2687 341 2751 sibi
360 2686 497 2767 placent,
515 2686 581 2747 imo
602 2704 665 2747 non
688 2690 832 2765 gemunt,
867 2701 930 2744 non
956 2689 1122 2763 eeousant,
1149 2684 1204 2745 ssd

282 2788 408 2850 semper
429 2768 545 2847 disum,
566 2786 629 2829 non
651 2784 719 2827 snm
739 2766 814 2830 mibi
841 2766 984 2827 sonsoius
1015 2765 1087 2845 quid
1123 2766 1203 2828 teos.

281 2854 349 2931 rim,
369 2869 476 2913 nonne
499 2850 580 2911 bane
599 2850 668 2930 feei,
692 2850 801 2911 meiius
821 2850 881 2911 feei
902 2868 993 2927 quam
1010 2846 1063 2909 ille
1090 2856 1122 2909 et
1140 2850 1203 2911 iila

283 2934 401 3002 &ntro
427 2932 569 3012 humilis,
600 2932 652 2994 ubi
672 2933 808 3015 rogavit,
837 2932 937 2993 Deum
957 2932 1124 3013 propitium
1145 2932 1204 2995 sibi

283 3016 360 3097 dari,
383 3023 510 3086 asonsat
529 3015 718 3099 se,‚dioens,
739 3015 814 3078 mihi
835 3016 1001 3095 pensatori.
1031 3014 1113 3077 ane
1134 3034 1204 3097 pee-

284 3107 423 3165 oatorem
443 3118 478 3161 se
504 3098 597 3178 dioit,
626 3097 807 3176 eonfitetur,
839 3097 956 3159 resedit
985 3118 1004 3158 a
1029 3098 1145 3159 iustitia
1173 3105 1205 3159 st

285 3183 462 3261 substitute,
495 3180 604 3261 quibus
623 3181 677 3242 ille
698 3200 733 3241 se
753 3181 885 3241 involvit
906 3180 1063 3261 superbus.
1099 3180 1227 3243 Tertio'

284 3264 407 3346 perfluit
434 3283 522 3329 snam
543 3265 728 3344 nequitiam,
760 3264 833 3343 quia
859 3282 923 3325 non
952 3264 1052 3326 solum
1083 3282 1119 3325 se
1139 3264 1202 3324 lan-

158 3385 159 3390 κ
284 3348 338 3411 dat
358 3347 415 3409 sed
437 3354 470 3412 et
489 3348 612 3436 roganti
639 3366 677 3408 ao
703 3366 738 3408 se
764 3347 922 3409 accusanti
947 3346 1074 3408 insultat
1100 3352 1132 3407 et
1152 3365 1201 3407 ao

284 3438 389 3509 emat,
420 3429 483 3491 hoo
512 3436 561 3492 est
584 3428 731 3492 horribile
763 3436 950 3509 monstrum,
989 3428 1072 3509 quod
1104 3428 1204 3489 solum

285 3532 395 3575 omnes
426 3510 575 3593 superbos
602 3511 730 3577 deberet
762 3512 943 3590 humidiore,
981 3513 1054 3592 qaia
1086 3510 1205 3572 sriiiest
1287 3522 1289 3527 ’

285 3596 387 3658 omnis
405 3594 565 3676 superbos,
586 3594 660 3655 dnm
672 3594 797 3671 indioat,
819 3594 960 3673 detrahit,
986 3600 1114 3656 aoousat
1133 3612 1203 3674 pro·

285 3680 411 3743 amum.
455 3677 534 3740 Vide
567 3683 643 3758 quot
675 3676 764 3741 modis
798 3692 868 3739 sese
890 3679 1052 3739 involvat.
1101 3676 1203 3737 Primo

288 3761 400 3821 amittit
426 3780 505 3841 opus
537 3760 782 3839 miseridordiae,
815 3779 885 3822 enm
912 3759 1047 3840 compati
1077 3757 1204 3820 deberet

289 3844 446 3923 proximo,
487 3859 577 3904 orare
609 3862 666 3925 pro
685 3846 687 3851 '
707 3861 763 3922 eo,
804 3860 873 3903 eum
906 3843 1011 3903 invare
1047 3841 1203 3921 quomodo

291 3927 406 4007 possit,
453 3944 515 4007 quo
551 3925 638 3987 tilulo
672 3925 782 4007 dignus
829 3930 877 3986 est
929 3930 1056 3987 aeterna
1094 3930 1203 4005 morte,
