3075 4750
359 468 422 549 208
679 486 829 541 &mones
848 484 967 541 botheri.

359 654 418 713 nisi
436 660 520 714 oerto
537 656 675 733 praemio
689 654 824 716 vendere
845 656 1016 718 voluerunt.
1045 656 1179 719 Semnoi
1201 656 1284 716 simi-

358 736 429 796 iiter
455 755 519 797 non
548 736 624 797 nibil
650 756 720 797 sese
746 757 816 799 esse
847 739 983 800 arbitrati
1009 740 1148 819 praemis
1169 739 1284 820 dignos

360 838 394 880 aa
414 826 643 902 reputaverunt.
685 820 780 882 Tertii
809 829 840 881 et
861 824 961 902 quarti
991 823 1041 882 vel
1067 822 1207 883 similiter
1231 820 1286 904 (ut

360 907 462 963 textus
484 901 593 983 docet)
617 906 787 983 praenrium
809 911 1041 986 speotaverunt,
1064 914 1131 983 aut,
1152 912 1188 965 ut
1208 905 1285 982 dixi,

358 1004 422 1045 non
444 985 503 1044 nisi
520 985 594 1044 iussi
606 988 753 1047 feserunt.
786 987 825 1047 lli
846 1006 922 1049 vero
946 987 1041 1050 libare
1062 990 1129 1049 sine
1151 988 1284 1069 praemii

359 1069 495 1146 nomine,
516 1069 643 1149 insuper
664 1088 732 1129 oum
755 1070 868 1151 gaudio
891 1071 960 1151 plus
983 1090 1074 1151 quam
1097 1070 1286 1132 iubebantur

358 1150 470 1230 faeere,
491 1153 555 1211 imo
573 1150 725 1231 dolentes,
748 1153 832 1232 quod
845 1172 908 1214 non
924 1156 964 1214 sit
975 1156 1026 1233 qui
1044 1154 1155 1233 iubeat,
1179 1174 1284 1233 prom·

359 1234 469 1294 tissimi
492 1234 616 1297 scilieet.

443 1316 484 1378 ln
503 1318 561 1378 hos
581 1318 694 1398 gradus
716 1321 927 1399 operariorum
955 1319 1141 1381 medendum
1174 1326 1222 1379 est
1239 1322 1284 1379 =in

361 1400 492 1461 eeclesia
512 1420 634 1481 semper
654 1421 861 1484 perseverare.
892 1402 970 1464 Sunt
990 1405 1072 1463 enim
1094 1402 1287 1480 sacerdotes,

361 1486 514 1564 qui'opus
536 1484 594 1544 Dei
616 1485 731 1546 laniunt
752 1486 808 1546 sub
831 1494 915 1547 certo
937 1486 1040 1565 luero,
1070 1504 1200 1565 quorum
1221 1484 1287 1565 ple-

360 1588 417 1631 nos
440 1587 521 1627 nuno
543 1574 624 1627 totus
647 1581 695 1629 est
716 1568 864 1629 mundus:
900 1569 951 1629 alii
975 1574 1029 1646 (ιιι
1049 1568 1284 1651 mendicantes)

361 1651 416 1713 sub
437 1653 574 1728 incerto,
597 1651 648 1712 elii
671 1650 794 1731 quidem
816 1670 915 1713 vanae
937 1652 1055 1731 gloriae
1077 1653 1145 1712 uelo
1168 1650 1286 1711 ducun-

360 1742 424 1813 tur,
457 1734 509 1795 alii
532 1752 588 1793 sua
608 1734 767 1815 voluptate
789 1734 905 1795 faoiunt
924 1737 955 1795 iu
978 1734 1089 1796 christi
1120 1737 1288 1815 mysteriis,

361 1825 393 1879 at
408 1817 611 1897 reprobantur
624 1819 656 1879 in
674 1824 806 1897 quatuor
818 1818 989 1897 generibus.
1024 1818 1191 1879 Novissimi
1208 1836 1287 1879 vero

361 1902 484 1962 sincera
503 1898 561 1958 Dei
584 1899 749 1961 dilectione
771 1900 959 1980 praedicunt,
982 1901 1064 1961 ethi
1086 1901 1172 1961 brevi
1193 1918 1287 1961 eursu
1377 1970 1378 1973 Ἴ

360 1979 506 2046 brabeum
534 1986 779 2063 consequuntur,
813 1990 847 2045 ut
869 2002 939 2045 vere
971 1984 1121 2045 hodierna
1149 1984 1288 2063 epistola
1377 1982 1378 2015 l

361 2066 449 2127 dicit:
493 2065 609 2127 Omnes
641 2067 763 2146 quidem
794 2074 933 2146 sonunt,
969 2067 1023 2127 sed
1060 2086 1140 2127 unus
1171 2068 1289 2146 aoaipit

361 2148 516 2211 brabeum.
608 2198 612 2203 .
1237 2192 1241 2197 .

444 2230 503 2295 Sed
549 2234 670 2293 omissis
691 2232 862 2312 ¹profundis
900 2230 1124 2314 intelligentiae
1165 2232 1288 2313 abyssis

360 2336 452 2378 unam
475 2312 640 2378 eduosmus
654 2316 836 2396 doctrinam,
858 2315 941 2395 quod
964 2334 1006 2378 se.
1029 2316 1185 2377 humilitas
1208 2316 1287 2394 sols,

361 2402 440 2462 sieut
460 2400 588 2481 ubique,
616 2401 660 2460 ita
687 2408 718 2460 et
744 2401 805 2461 boo
830 2401 993 2480 evangelio
1016 2401 1105 2462 nobis
1127 2417 1287 2460 sommen-

360 2482 457 2545 datur.
492 2483 571 2544 Nam
592 2485 682 2564 primi
703 2483 762 2542 nisi
783 2485 912 2543 fuissent
932 2484 1074 2563 superbi,
1097 2501 1160 2544 non
1179 2483 1287 2563 utique

359 2575 610 2646 murmurassent,
632 2585 732 2646 neque
749 2567 849 2646 questi
870 2567 1007 2645 luissent
1030 2566 1114 2646 quod
1135 2568 1181 2626 eis
1193 2583 1287 2646 pares

360 2651 481 2732 feeerit,
520 2651 571 2729 qui
599 2651 698 2710 minus
738 2649 888 2709 fecerant:
931 2649 994 2710 imo
1024 2667 1083 2709 neo
1116 2651 1288 2710 iantassent
1376 2691 1377 2734 3

361 2751 439 2814 opus
474 2753 580 2809 suum,
614 2731 736 2813 pondus
773 2749 814 2794 so.
850 2731 911 2792 disi
944 2740 976 2792 et
1006 2740 1120 2794 aestus.
1173 2731 1286 2792 'Palem
1376 2743 1377 2816 l

361 2816 534 2896 superbiam
577 2834 704 2876 neeesse
741 2821 789 2875 est
821 2814 926 2876 haberi
955 2815 995 2875 ab
1028 2815 1171 2877 omnibus
1201 2815 1287 2874 iusti-

361 2901 473 2977 tionis,
519 2902 569 2978 qui
609 2901 788 2979 ignorantes
822 2897 881 2958 Dei
918 2899 1047 2978 gratiam
1085 2915 1173 2958 suum
1213 2915 1286 2965 esse
1376 2895 1377 2944 l

360 2991 575 3063 praesumunt,
597 2982 741 3062 quiequid
762 2988 894 3061 possunt
915 2988 946 3041 et
966 2981 1097 3060 lanium,
1125 2987 1158 3040 et
1178 2981 1285 3042 Domi-

361 3083 434 3126 num
474 3066 587 3127 debere
632 3065 766 3125 iudicare
803 3081 866 3124 non
906 3063 1074 3124 seeundum
1111 3063 1285 3126 bonitatem

348 3159 462 3230 ¹suam,
486 3149 541 3209 sed
562 3147 730 3210 seeundum
752 3146 873 3227 pondus
896 3165 1023 3227 operum
1045 3163 1180 3207 suorum.
1222 3146 1284 3207 aad

361 3234 413 3312 qui
434 3233 563 3314 gratiam
586 3232 748 3311 cognovit,
784 3230 858 3290 nibil
893 3232 1032 3310 miratur,
1067 3230 1092 3290 si
1125 3230 1210 3290 Deus
1232 3229 1287 3289 dat

360 3317 529 3398 praemium
551 3315 679 3394 aequale
700 3333 756 3395 pro
781 3313 909 3374 modieis
936 3319 968 3373 et
989 3315 1108 3394 magnis
1128 3313 1285 3392 operibus.

360 3400 500 3481 Denique
521 3415 650 3459 neeesse
671 3406 733 3474 est,
752 3403 796 3457 ἰιι
815 3395 991 3456 huiusmodi
1006 3396 1148 3458 homines
1169 3395 1286 3456 oadaut

257 3538 258 3541 ,
360 3487 395 3544 in
414 3483 536 3544 eonium
557 3481 725 3564 malignum
747 3479 989 3541 etinvidentlsm
1008 3479 1136 3560 praemii
1153 3480 1284 3559 gratiae.

348 3566 484 3630 ‘Sio‘bio
505 3565 628 3627 dieitur:
670 3564 719 3624 An
741 3563 849 3624 ooulus
871 3570 939 3624 tuus
962 3579 1093 3642 nsquam
1115 3568 1180 3640 est,
1212 3564 1286 3642 quia

361 3668 421 3732 ego
443 3649 543 3712 bonus
565 3667 642 3726 sum,
664 3648 750 3727 quasi
773 3646 898 3724 diceret,
924 3647 1044 3706 bonitas
1068 3663 1139 3704 mea
1156 3645 1187 3704 in
1202 3645 1285 3706 alios

359 3733 443 3811 feeit,
464 3741 498 3792 ut
516 3740 549 3795 tu
570 3729 709 3791 invideas
730 3731 784 3790 eis.
817 3729 912 3810 Igitur
931 3745 995 3789 non
1016 3739 1143 3808 opertum
1165 3729 1285 3808 magni·

361 3817 484 3895 tudine,
517 3833 575 3875 neo
602 3815 784 3874 iustitiarum
812 3812 937 3891 labore,
965 3809 1021 3872 sed
1047 3811 1116 3872 sola
1141 3809 1285 3872 bonitate

351 3916 354 3921 ·
418 3897 592 3958 nicanoris
611 3898 682 3957 'Dei
719 3896 936 3974 consequimur
974 3913 1066 3955 omne
1103 3895 1285 3974 praemium.

361 3918 444 4055 {did
473 3973 546 4060 drgo
579 3979 734 4060 superbis,
766 3997 786 4039 o
815 3978 947 4058 homol
974 3976 1058 4052 Quid
1076 3977 1185 4056 adte,
1205 3979 1286 4058 oui,
