3075 4750
356 492 420 561 126
700 494 851 552 &monos
868 493 979 550 lutheri

357 667 436 746 haee
456 664 597 728 videntes
618 681 681 726 non
702 662 857 741 videmus,
878 681 959 742 quae
981 662 1062 723 enim
1085 663 1219 724 crassior
1236 661 1277 740 ig·

356 751 509 828 norantia,
529 766 621 826 quam
641 749 674 808 in
695 748 799 807 multis
822 748 900 808 seire
922 765 956 806 se
975 744 1041 806 Deo
1070 747 1279 822 commissum,

358 841 390 895 et
409 836 442 893 in
464 833 571 912 paneis
592 829 778 910 desperare?
808 829 895 890 Ideo,
911 829 1002 907 dioit,
1031 829 1163 908 primum
1177 847 1277 908 quss-

357 918 416 978 rite
435 934 564 995 regnum
585 914 644 974 Dei
667 921 698 974 st
717 914 863 975 iustitiam
895 913 975 988 eius,
1004 911 1065 972 hoo
1093 918 1157 989 est,
1191 912 1276 974 utin

357 1017 455 1078 regno
478 999 542 1058 eins
571 998 636 1058 sitis
666 1003 698 1058 et
725 997 798 1058 iusti
819 1013 924 1056 eoram
944 995 1015 1073 illo,
1049 995 1165 1058 iustitia
1196 996 1278 1056 euim

357 1082 417 1142 Dei
437 1088 497 1160 est,
518 1081 642 1160 quando
664 1081 736 1141 iusti
757 1099 863 1140 sumus
891 1099 930 1139 ex
952 1078 1020 1140 Deo
1041 1076 1231 1140 iustifinante
1250 1085 1280 1136 et
1335 1127 1338 1132 .

357 1166 539 1244 imputante,
561 1183 641 1242 quae
653 1165 770 1224 iustitie
791 1181 854 1224 non
868 1163 1009 1223 consistit
1023 1163 1054 1224 in
1076 1160 1277 1240 openbus,*)

359 1247 415 1307 sed
441 1249 472 1308 in
502 1246 578 1323 lide,
613 1267 686 1327 spe,
719 1247 856 1306 oaritete.
905 1245 975 1306 Non
1004 1245 1085 1306 euim
1117 1245 1168 1324 qui
1200 1245 1280 1305 iuste

359 1338 503 1413 operatur
523 1332 620 1390 iustus
641 1337 699 1406 est,
721 1336 754 1390 ut
779 1329 963 1390 Aristoteles
984 1331 1046 1403 sit,
1074 1345 1176 1407 neque
1207 1345 1278 1406 ope·
1328 1393 1331 1398 ,

358 1413 456 1475 raudo
477 1415 557 1475 iusta
578 1420 611 1472 et
630 1413 759 1473 dicimur
779 1413 860 1491 iusti,
891 1411 947 1472 sed
969 1409 1125 1474 eredendo
1159 1417 1191 1470 et
1212 1429 1279 1490 spe-

358 1496 457 1558 rando
488 1499 520 1557 in
547 1497 657 1557 Deum.
701 1495 769 1582 Hoc
804 1501 852 1556 est
884 1493 967 1573 quod
998 1495 1116 1574 passim
1150 1492 1279 1555 dieinms

358 1582 609 1661 resignationem,
632 1585 665 1640 et
692 1579 931 1658 abnegationem
965 1579 1021 1638 sui.
1064 1577 1164 1638 Nemo
1198 1578 1280 1636 enim

360 1683 429 1726 sese
449 1665 588 1743 resignat
608 1664 668 1723 nisi
688 1663 739 1740 qui
768 1659 866 1722 eredit
887 1667 918 1722 et
945 1667 1049 1741 sperat
1076 1679 1114 1720 eo
1143 1666 1226 1720 totus
1249 1660 1280 1718 in

359 1745 606 1831 Doumoonfidit
628 1743 1052 1824 Proindedefinitioblagistri
1061 1743 1281 1804 sententiarum

360 1829 400 1890 de
421 1848 493 1910 spe,
526 1829 609 1907 quod
637 1829 677 1888 sit
698 1834 784 1888 serta
805 1828 997 1908 exspectatio
1020 1825 1218 1888 beatitudinis
1241 1845 1281 1886 ex

360 1912 477 1973 meritis
499 1912 696 1991 proveniens,
717 1929 782 1970 non
804 1911 901 1972 solum
926 1909 1057 1972 obseura
1076 1917 1140 1988 est,
1173 1908 1231 1970 sed
1251 1915 1281 1968 et

360 2015 381 2058 a
401 1994 539 2076 plurimis
560 1994 725 2054 falsissime
745 1994 913 2054 intelleote.
940 1992 1094 2072 Numquid
1116 1993 1200 2053 enim
1220 1992 1281 2052 hoe

360 2077 556 2139 sentiendum
583 2085 645 2156 est,
677 2075 761 2155 quod
793 2076 864 2138 ideo
900 2075 1086 2156 sperandum
1114 2077 1174 2154 sit,
1207 2073 1295 2154 quia

361 2161 471 2222 merite
491 2160 663 2223 habentur?
685 2159 808 2222 Sioeine
827 2159 1009 2240 intelligitur
1030 2178 1101 2240 spes
1123 2159 1281 2236 inDeum,

362 2249 395 2304 nt
415 2263 479 2304 non
499 2245 532 2304 in
553 2243 708 2304 anteriora
729 2242 928 2320 extendatur,
952 2242 994 2308 ,id
1022 2249 1083 2320 est,
1117 2242 1149 2302 in
1170 2242 1281 2319 Deum,

361 2327 418 2389 sed
438 2329 470 2389 in
482 2333 611 2408 tergum,
632 2328 871 2407 retrospiciatur,
892 2325 923 2387 id
941 2326 1052 2405 est-in
1065 2325 1183 2403 merita,
1202 2343 1281 2405 quae

361 2412 622 2492 praecesserunt?
653 2410 762 2471 Nullus
785 2416 904 2490 speret,
934 2411 986 2488 qui
1008 2409 1053 2471 sio
1074 2416 1188 2489 sperat,
1217 2411 1280 2469 imo

361 2496 530 2575 praesumit
550 2502 581 2555 et
602 2493 719 2555 idolum
742 2513 866 2555 suorum
883 2495 1059 2555 meritorum
1078 2492 1163 2555 oolit.
1187 2492 1282 2572 Igitur

362 2578 402 2639 sd
422 2578 500 2639 illud
521 2576 742 2655 eamus,·unde
763 2584 797 2637 et
812 2577 960 2657 Magister
980 2576 1083 2639 haunt
1104 2576 1185 2637 hene
1207 2574 1280 2637 defi·

362 2662 523 2740 nitionem,
554 2678 666 2739 nempe
692 2679 733 2720 ex
761 2660 905 2739 apostolo
928 2660 1018 2722 Rom.
1046 2664 1081 2725 5:
1110 2658 1298 2721 ustulatio-

363 2745 546 2825 'patisntiam
567 2748 721 2822 operatur,
742 2743 892 2822 patientia
912 2740 1139 2823 probationem,
1171 2740 1281 2821 proba

362 2828 406 2887 tio
429 2845 503 2888 vero
526 2845 623 2905 spem,
645 2844 717 2906 spes
739 2822 814 2886 vero
835 2844 898 2886 non
925 2826 1096 2887 oonfundit.
1130 2824 1188 2885 His
1209 2843 1283 2905 apo·

363 2910 462 2970 stolus
483 2909 630 2989 numquid
652 2909 728 2987 vult,
748 2916 783 2969 ut
803 2910 834 2970 in
855 2908 1042 2989 probatione
1062 2909 1213 2990 patientia
1234 2909 1283 2969 tri·

362 2992 529 3055 bulationis
551 2992 713 3074 speretur?
750 2991 825 3066 Quis
847 2994 891 3053 ita
913 2992 1056 3073 desipiat,
1079 2993 1165 3052 utin
1187 2992 1280 3053 tribu·

361 3075 716 3155 lationemsperandam
737 3075 870 3137 doceat?
911 3076 945 3139 si
975 3095 1039 3137 non
1060 3077 1092 3136 in
1114 3074 1282 3137 tribulatio·

361 3178 416 3239 ne,
435 3178 512 3241 ergo
532 3160 644 3219 necin
665 3160 824 3239 patientia,
845 3178 904 3220 neo
925 3161 957 3221 in
977 3160 1182 3239 probatione,
1212 3159 1284 3237 quia

362 3242 410 3304 his
444 3243 586 3304 omn-ibus
624 3242 796 3321 aequaliter
834 3242 957 3320 tribuit,
995 3242 1080 3321 quod
1117 3254 1284 3325 operentur

361 3346 461 3406 spem.
503 3326 553 3386 An
575 3326 607 3386 in
629 3326 725 3387 verbo
748 3334 904 3407 operatur,
925 3326 1033 3385 illusus
1056 3331 1104 3387 eet
1124 3329 1283 3410 Magister,
1381 3326 1382 3379 ἰ

361 3410 414 3471 vel
444 3411 548 3491 potius
582 3410 635 3488 qui
656 3427 727 3470 eum
749 3417 918 3489 sequuntur
949 3409 1029 3470 laiss
1061 3412 1283 3492 intelligentes,
1381 3410 1382 3465 t

363 3511 433 3553 oum
463 3492 546 3554 idem
579 3494 648 3573 ipse
673 3513 729 3574 per
759 3492 837 3553 illud
863 3496 1057 3575 participium
1084 3498 1282 3575 proveniens,
1381 3536 1382 3571 ,

362 3575 454 3655 quod‘
468 3576 628 3657 apostolus
650 3596 707 3657 per
727 3576 856 3639 verbum
871 3586 1024 3658 operatur,
1049 3579 1129 3655 velit
1139 3580 1281 3661 intelligi.

362 3658 441 3740 Spes
463 3661 582 3721 seilieet
601 3659 636 3720 fit
654 3680 696 3721 ex
716 3660 832 3721 meritis
853 3662 874 3723 i.
898 3680 924 3723 e.
948 3662 1092 3743 operibus
1114 3669 1147 3723 et
1165 3665 1282 3743 passio·

416 3871 446 3933 n)
466 3867 589 3939 Egregia
613 3868 750 3919 consessio
775 3862 917 3921 doetrinae
941 3864 975 3921 de
997 3868 1207 3941 iustificatione,
1236 3874 1283 3929 sed
1381 3844 1382 3907 Ῑ

362 3938 487 4066 Epppptpr
511 3941 547 3994 ab
573 3940 652 3991 omni
678 3940 841 3992 contusione
870 3954 931 3991 euru
955 3940 1070 3994 articulo
1095 3950 1284 4008 renovationis
