3075 4750
294 423 419 540 '122
508 492 514 504 ·
667 474 945 532 mnus

357 642 605 704 modulinntur
625 644 656 704 in
680 663 740 720 eo,
761 643 926 726 dimotos„
946 644 1097 714 tuomum
1116 645 1202 706 moin
1217 649 1278 710 ,ctu

357 725 419 789 seu
441 728 508 787 sinc
527 726 618 808 illos,
639 729 725 788 cccci
746 734 827 790 sunt.
959 733 960 736 ’

742 983 888 1081 Sermo
915 1013 971 1112 2,
1014 1011 1017 1022 ·
1085 1098 1088 1105 Ι
1204 1055 1207 1057 »

521 1181 686 1243 Dominicc
706 1161 787 1246 XIV.
809 1189 881 1264 post
900 1174 1056 1279 irinitstis
1068 1175 1111 1264 ἦ).

439 1345 539 1408 Nemo
561 1354 666 1428 potest
687 1347 807 1410 duobus
828 1345 962 1410 'dominis
980 1349 1109 1425 servire,
1131 1345 1239 1409 matth.
1252 1349 1280 1412 6.

356 1426 414 1490 Ηίο
435 1436 541 1491 movet
561 1430 749 1513 Augustinus
772 1425 1000 1512 quaestionem,
1027 1437 1126 1492 utrum
1156 1447 1220 1490 non
1244 1430 1283 1490 sit

356 1508 559 1574 laborandum
580 1533 637 1594 pro
664 1513 748 1575 victu
776 1521 807 1576 et
835 1515 1032 1594 necessariis,
1062 1519 1125 1574 tem
1152 1529 1210 1593 pro
1237 1531 1282 1592 se,

358 1615 449 1679 quom
481 1616 538 1676 pro
571 1593 662 1659 aliis?
703 1593 744 1658 Et
771 1599 874 1660 multis
901 1595 1043 1658 inductus
1065 1595 1281 1658 autoritatibus

357 1679 540 1760 respondet,
567 1679 651 1760 quod
678 1681 800 1765 utique,
832 1681 948 1762 alioqui
977 1699 1085 1742 omnes
1108 1679 1281 1759 prophetae

358 1768 390 1824 et
411 1761 603 1842 patriarchae
625 1771 657 1824 et
678 1758 787 1824 scn'cti
805 1771 836 1825 et
863 1765 1014 1845 apostoli,
1041 1761 1155 1824 P'uulus
1186 1761 1282 1822 moni·

356 1845 413 1906 bus
435 1845 622 1925 laborarunt,
646 1846 728 1907 mule
740 1847 901 1926 fecissent,
923 1848 995 1927 quin
1011 1849 1044 1908 et
1057 1846 1200 1906 domiuus
1224 1843 1282 1906 sibi
1313 1879 1316 1884 ·

243 1979 249 1995 ,
358 1927 583 1989 contradiceret
606 1931 658 2011 qui
679 1929 838 2012 praecepit
858 1929 961 2009 Adue,
993 1931 1024 1990 in
1046 1927 1159 1990 sudore
1179 1925 1282 1987 vuitus

358 2011 403 2072 sui
427 2011 591 2073 comedere
612 2031 742 2093 ponem,
779 2021 811 2074 et
836 2015 867 2074 in
889 2020 1056 2095 praecepto
1079 2011 1170 2072 tertio
1194 2009 1281 2088 dixit,

357 2113 413 2154 sex
436 2091 502 2154 dies
525 2095 718 2176 operaberis,
751 2097 784 2156 in
813 2103 902 2159 sexto
931 2097 1080 2176 quiesces.
1122 2093 1180 2154 Est
1205 2111 1280 2174 crgo

357 2196 467 2237 sensus
490 2179 584 2238 totius
606 2178 758 2260 evangelii
780 2181 812 2240 in
834 2181 893 2241 isto
916 2179 1029 2256 verbo,
1062 2196 1155 2238 nemo
1175 2181 1283 2257 'potest
1380 2213 1381 2236 2

358 2258 480 2321 duobus
502 2258 635 2322 dominis
657 2262 787 2342 servire,
814 2263 834 2324 i.
857 2283 883 2324 e.
907 2264 957 2342 qui
980 2261 1045 2322 vult
1065 2262 1132 2322 Deo
1156 2259 1282 2344 servire,

357 2363 420 2403 non
448 2350 554 2425 potest
582 2344 611 2405 ei
638 2347 767 2427 servire,
797 2346 822 2406 si
850 2365 906 2428 pro
930 2352 976 2407 ter
996 2345 1208 2406 Mammonem
1229 2349 1283 2404 cut

356 2426 439 2488 uliud
462 2427 667 2507 quodcunque
697 2430 725 2489 ei
747 2431 849 2490 servit.
919 2446 979 2490 unc
1006 2428 1087 2489 enim
1116 2444 1180 2487 non
1201 2424 1281 2503 Dec,
1379 2482 1380 2485 ,

357 2510 412 2570 sed
434 2512 532 2593 magis
553 2508 721 2572 Mammoni
743 2515 846 2589 servit,
869 2513 941 2592 quio
961 2512 1054 2573 utitur
1065 2510 1136 2572 Deo
1160 2514 1191 2570 et
1212 2504 1281 2570 frui-

358 2599 407 2653 tur
420 2592 607 2657 Mammone.
652 2592 784 2656 ntideo
807 2595 867 2657 hoc
889 2594 1086 2676 evangelium
1108 2599 1217 2653 contro
1231 2590 1281 2653 Ju-

357 2674 453 2736 doeos
476 2684 507 2736 et
528 2694 636 2737 omnes
659 2679 836 2741 iustitiarios
858 2677 988 2756 incedit,
1001 2676 1063 2757 ,illi
1086 2676 1167 2737 enim
1190 2692 1281 2757 prop·

357 2766 404 2818 ter
424 2760 661 2839 promissionem
684 2767 799 2838 terrae,
830 2760 881 2821 isti
912 2768 1039 2843 propter
1067 2758 1198 2841 glorium
1228 2766 1282 2818 cut

358 2841 486 2902 salutem
508 2841 576 2903 Deo
599 2843 751 2920 serviunt,
785 2844 836 2924 qui
864 2852 967 2925 cutem
995 2842 1089 2904 servit
1110 2838 1280 2903 Mammoni
1378 2854 1379 2889 ῑ

356 2931 484 3005 propter
505 2924 614 3004 Deum,
635 2943 698 2986 non
720 2926 899 3007 Mammoni,
922 2924 977 2988 sed
993 2925 1060 2988 Deo
1084 2925 1187 3003 servit,
1210 2924 1283 3005 quic

359 3008 464 3067 omnia
484 3008 515 3067 in
536 3008 637 3069 Deum
663 3008 773 3088 refert,
807 3012 885 3071 sicut
915 3010 968 3071 ille
989 3008 1089 3071 Deum
1115 3010 1147 3068 in
1177 3009 1283 3069 omnis

357 3088 466 3168 refert,
499 3091 538 3151 dc
570 3091 624 3151 toli
655 3092 801 3155 fruitione
833 3099 865 3155 et
895 3112 951 3153 usu
980 3099 1055 3154 noto
1084 3096 1155 3153 sunt
1176 3094 1283 3154 omnia

358 3173 518 3254 exemplo,
545 3177 570 3237 1.
591 3173 669 3235 Dist.
692 3178 720 3238 1.
743 3174 827 3237 Sent.
1110 3250 1111 3257 ἵ
1179 3244 1181 3251 ,

440 3256 548 3317 Altero
570 3257 709 3336 quaestio
731 3265 788 3337 est,
811 3258 969 3339 quomodo
990 3278 1096 3319 verum
1117 3264 1173 3340 est,
1197 3260 1282 3341 quod

356 3337 435 3399 haec
457 3341 562 3400 omnin
582 3340 762 3401 adiiciuntur
784 3342 1000 3423 quaerentibus
1027 3343 1128 3421 primo
1150 3338 1280 3425 'regnum

357 3422 415 3482 Dei
437 3428 469 3482 et
490 3421 635 3483 iustitium
658 3425 733 3505 eius,
757 3443 826 3484 cum
849 3425 936 3485 multi
959 3421 1064 3486 Sancti
1085 3420 1179 3485 Hebr.
1198 3426 1228 3488 2.
1250 3427 1281 3487 in

356 3504 455 3584 fame,
477 3505 542 3583 siti,
564 3506 703 3567 nuditate
724 3509 858 3588 egerint,
879 3515 975 3591 egunt
997 3514 1029 3569 et
1050 3506 1150 3568 adhuc
1171 3514 1281 3591 egent:

356 3588 428 3649 Vid.
449 3588 485 3650 Β.
507 3587 697 3669 Augustinus
729 3588 901 3671 hocloco,
932 3590 1005 3673 quic
1031 3586 1183 3669 curando,
1218 3612 1281 3656 non

396 3829 426 3897 ⁸)
446 3831 498 3883 Hic
516 3847 609 3886 sermo
628 3830 662 3883 de
681 3832 776 3885 Motth.
798 3831 824 3899 6,
843 3831 878 3887 24
897 3846 958 3900 sqq.
984 3831 1095 3885 habitus
1114 3837 1141 3887 ct
1159 3800 1195 3887 eu¹
1215 3835 1281 3890 MSo

357 3901 407 3955 illo
426 3902 549 3956 redditus
571 3903 674 3957 utiliter
692 3905 828 3972 praecipit
854 3904 889 3957 dc
914 3905 1047 3957 uvuriticc
1065 3908 1093 3958 et
1112 3904 1282 3961 diffidentiae

255 3972 258 3978 '
359 3973 484 4031 stultitia,-
519 3975 690 4032 Lousones}
706 3976 869 4046 pttteqq.
887 3974 1082 4044 ·Wslch..111‚
1100 3977 1281 4051 p.tt230sqq.
1374 3976 1375 4046 1
