3075 4750
311 452 375 523 ssu
605 523 609 530 ,
702 456 838 511 nunu

393 625 508 703 Primo,
530 630 567 685 ut
585 625 628 685 sit
646 629 773 687 nostrus
794 620 927 685 flduoise
948 642 1080 703 summe,
1099 628 1179 685 etos
1200 630 1236 683 ut

310 709 456 787 iustitium
477 707 567 769 iuxte
586 705 664 768 illud
683 704 834 781 Pouli:*)
873 702 933 781 Qut
954 705 1053 769 foetus
1071 711 1123 768 est
1143 643 1234 769 noIiis

310 791 426 853 iustitie
445 789 567 870 olleo,
586 789 619 851 id
639 795 706 869 est,
727 790 779 869 qui
801 808 886 851 suem
908 790 1054 851 iustitIsm
1074 787 1149 851 Issit
1160 808 1234 852 esse

311 881 459 953 noenum,
480 872 559 935 siout
579 879 711 954 psooets
729 879 837 934 nostre
858 872 931 935 lesit
952 891 1022 934 esse
1044 890 1109 943 suu
1284 925 1294 930 ,

393 954 550 1034 Secundo,
572 954 657 1037 quod
678 953 789 1017 eedem
811 954 902 1017 nobis
924 972 1018 1020 oense
1039 957 1102 1017 sint
1121 954 1235 1015 similis

312 1038 455 1119 ludendi,
475 1045 563 1099 utet
583 1057 642 1101 nos
661 1040 706 1099 ite
726 1047 790 1099 tum
813 1056 870 1119 pro
892 1036 999 1119 nobis,-
1015 1047 1080 1101 tum
1096 1036 1234 1119 proeliis

311 1122 468 1183 leniamus.
523 1118 609 1183 Haeo
646 1127 717 1183 sunt
749 1139 845 1201 opere
885 1129 1014 1201 operets
1053 1121 1235 1185 meritorum

312 1203 435 1266 Christi.
477 1203 525 1264 lle
544 1203 591 1265 his
612 1204 733 1267 duobus
753 1204 789 1266 B.
814 1205 1006 1285 Augustinus
1032 1202 1085 1268 lib.
1114 1204 1144 1269 3.
1172 1200 1234 1266 Tri.

312 1306 359 1349 es.
380 1288 412 1351 4.
434 1286 525 1365 dioit,
556 1287 639 1367 quod
660 1288 726 1348 rite
747 1286 859 1348 christi
880 1294 933 1363 est
948 1286 1040 1347 simul
1062 1305 1235 1351 seulemen-

310 1377 374 1431 tnm
397 1378 432 1431 et
449 1369 641 1451 exemplum:
664 1376 891 1434 seommentum
910 1371 1010 1451 primo
1033 1368 1138 1450 modo,
1161 1367 1234 1429 dum

311 1471 370 1515 nos
391 1452 537 1514 iustilioet
553 1454 585 1513 in
602 1454 721 1534 spiritu,
742 1452 930 1532 elnenobis3
949 1452 1139 1535 exemplum,
1160 1450 1233 1513 dum

310 1555 369 1598 nos
391 1536 503 1605 similia
523 1536 627 1597 fecere
648 1543 764 1616 monet,
787 1536 880 1597 etiem
902 1537 934 1597 ln
955 1554 1058 1617 neme,
1081 1542 1112 1597 et
1126 1553 1234 1617 opere·

311 1626 450 1679 tursum
472 1617 572 1681 nobis.
983 1654 987 1659 ·

273 1689 283 1711 '
395 1700 516 1780 Tertio,
545 1707 581 1763 ut
608 1700 744 1762 remittet
776 1705 829 1776 (ut
850 1700 980 1783 vesunt)
1006 1700 1235 1763 satisfactiones

310 1791 517 1865 potentorum.
560 1785 622 1845 lste
642 1785 758 1863 tertius,
773 1784 908 1865 inquam,
925 1783 1035 1847 modus
1052 1783 1165 1853 nullius
1186 1790 1235 1845 est
1352 1780 1355 1785 ’
1393 1754 1394 1793 ³

311 1868 482 1930 autoritatis
490 1869 660 1931 oenonioee
672 1866 721 1928 vel
737 1866 977 1930 ecclesiastieae.
999 1866 1091 1943 Quod
1102 1868 1128 1927 si
1141 1874 1233 1945 esset,

310 1948 1235 2029 odhuoternenvilioressetquomseoundus,sioutseoundus

311 2034 417 2116 vilior,
446 2030 685 2113 quem'primus.
727 2032 878 2094 lmo·non
900 2032 1052 2115 intelligo,
1075 2030 1232 2113 quomodo

309 2115 360 2177 hio
382 2117 488 2179 tertius
509 2115 622 2177 modus
643 2116 683 2185 sit
700 2114 867 2197 possibilis,
884 2115 955 2178 ideo
970 2115 1127 2198 disputare
1138 2114 1239 2178 volui..

581 2248 692 2314 XXIII.
715 2245 954 2327 Obelisous.”)

824 2332 833 2361 l

390 2368 444 2434 Eo.
469 2368 588 2431 lnoulte
619 2376 652 2431 et
685 2368 851 2430 exoouletu
882 2368 1056 2452 propositio
1095 2369 1231 2448 omnino,

309 2471 380 2514 nom
402 2454 454 2533 qui
466 2453 497 2527 1)
522 2453 627 2514 diuers
647 2459 761 2533 potest,
784 2450 915 2514 eundem
931 2471 1002 2514 esse
1014 2471 1089 2532 rem,
1111 2451 1240 2512 theseo-'-

309 2555 376 2596 rum
399 2543 434 2596 et
452 2536 582 2614 elevem,
603 2553 672 2599 oum
695 2535 793 2597 olonis
813 2535 853 2596 sd
873 2533 1075 2616 operiendum
1096 2552 1154 2616 pro
1167 2534 1231 2595 the·

310 2638 401 2680 sauro
432 2621 471 2680 sit
497 2621 733 2680 instrumentum
766 2625 882 2699 eptum.
936 2617 1017 2693 Quin
1049 2619 1153 2699 potius
1181 2616 1258 2678 hio'

309 2721 404 2763 oeuse
430 2703 579 2783 aecipitur
605 2709 715 2762 ooutrs
736 2700 912 2765 Lutherum.
956 2701 988 2764 Si
1011 2700 1148 2762 Christus
1170 2700 1231 2778 ols-

308 2805 364 2846 ves
381 2784 471 2846 dedit
491 2785 654 2862 eoelesise,
675 2784 714 2846 sb
737 2801 776 2845 eo
799 2791 931 2864 peteme
961 2783 1010 2845 Au
1033 2782 1128 2864 quid?
1155 2781 1231 2858 Quis

309 2875 357 2928 est
376 2869 437 2930 iste
465 2867 651 2928 thesaurus?
700 2865 867 2942 Quomodo
889 2886 945 2948 per
966 2867 1071 2928 eleves
1093 2866 1231 2947 operien-

309 2949 389 3010 dnsl
438 2949 495 3011 Est
521 2969 595 3032 ergo
625 2951 799 3032 propositio
831 2951 914 3011 ensis
943 2947 1046 3012 Aieeis
1075 2950 1231 3032 seipsum

308 3035 499 3095 interimens.
1235 3057 1237 3064 ¹

390 3113 600 3178 bouvines
624 3135 716 3196 quem
739 3116 850 3192 uultus,
874 3115 965 3178 etvel
978 3114 1064 3197 Argo
1080 3115 1233 3177 oeuletior

310 3201 350 3260 sit
375 3201 436 3261 iste
466 3199 629 3261 obeliscus.
679 3197 792 3262 Nonne
821 3206 906 3262 reste
928 3199 992 3260 dixi
1014 3200 1046 3260 in
1068 3197 1231 3280 prinoipio,

308 3282 414 3344 videre
443 3281 571 3343 ldooium
600 3283 632 3343 in
660 3280 770 3344 diebus
801 3282 993 3364 uernispn'vii
1016 3282 1096 3343 inter
1162 3279 1232 3342 ouls

307 3366 388 3428 bene
413 3373 520 3446 potum
545 3367 626 3426 istos
659 3363 812 3444 obeliscos
834 3365 1024 3428 febriossss?
1066 3363 1115 3426 Ve
1147 3371 1231 3426 uerte

309 3448 495 3511 documento
529 3451 570 3510 sit
595 3467 673 3508 unus
700 3447 828 3527 Ilooius,
855 3448 987 3510 llrrorem
1016 3455 1050 3509 et
1078 3448 1229 3509 rationem

308 3551 371 3593 non
394 3531 485 3593 simul
505 3551 599 3612 posse
616 3532 651 3592 -in
673 3528 785 3592 eodem
808 3531 934 3594 cerebro
957 3529 1105 3600 hsbitsre.

342 3642 350 3699 j
371 3613 526 3676 -Primum
556 3635 603 3676 ex·
624 3613 703 3676 libro
735 3614 876 3675 Priorum
904 3613 1080 3678 Aristotelis
1101 3619 1230 3696 pugnet,

309 3699 404 3759 oleris
434 3705 483 3759 est
502 3699 737 3759 instrumentum
758 3697 799 3758 sd
819 3697 1021 3778 operiendum
1040 3697 1230 3760 thesaurum.

307 3780 417 3862 Miror,
439 3801 509 3843 eum
533 3800 595 3843 nun
617 3780 733 3842 dixisse
754 3780 794 3842 ed
816 3779 1144 3861 aperiendrmeistsm
1166 3779 1231 3841 the-

363 3946 394 4011 *ι
416 3947 440 4000 ι.
460 3945 571 4001 0021.
609 3945 658 4015 ιι)
682 3909 788 4000 conns
806 3946 850 4003 so.
871 3947 999 4002 cononi.
1018 3921 1140 4003 nunes.

364 4016 397 4084 1)
418 4017 499 4087 Apud
517 4017 645 4073 loeson:
664 4014 727 4087 quis'
746 4045 780 4059 ·-
801 4017 929 4072 elevem?
1004 4029 1024 4072 .’
