3075 4750
360 502 425 578 116
680 510 829 566 sermones
848 501 961 564 Luthsrt

360 683 409 742 oia
430 676 496 741 fieri
519 684 659 741 extreme
679 680 814 760 uelimus,
836 681 868 740 in
882 680 981 740 Deum
1002 675 1198 740 solummodo
1213 695 1285 737 oon·
1318 729 1321 748 ,

359 764 474 842 fidens,
497 768 532 822 nt
551 781 611 824 nos
633 783 697 824 nou
720 783 857 825 essemus
881 761 948 824 sine
969 761 1082 834 flduoia
1103 767 1135 820 et
1156 777 1213 840 spe
1234 757 1284 820 de-

303 875 307 881 ·
359 847 473 926 relioti,
496 845 551 905 sed
578 853 610 906 et
639 847 783 927 exemplo
813 849 877 908 eius
905 845 1036 906 libenter
1064 846 1095 904 in
1129 845 1284 903 exteriore

360 931 487 990 bomine
506 927 640 1008 relinqui
660 931 791 990 velimus
814 933 880 990 sine
904 947 959 1009 spe
981 936 1013 988 et
1033 927 1161 1004 fiduoia,
1190 932 1226 986 ut
1252 927 1284 995 in

360 1011 461 1073 solum
482 1011 582 1071 Deum
604 1031 807 1093 speraremus.
851 1013 909 1072 Per
930 1028 1017 1092 spem
1039 1009 1165 1072 abstulit
1196 1027 1284 1088 spem

359 1101 392 1154 et
413 1095 469 1174 pro
494 1092 606 1154 fidncia
626 1095 720 1157 aliam
742 1095 886 1156 flduoiam
903 1096 1050 1172 restituit,
1079 1092 1165 1153 dedit
1194 1092 1285 1153 nobis

359 1195 446 1258 spem
467 1179 499 1236 in
513 1176 615 1238 Deum
636 1186 669 1239 et
689 1179 815 1241 abstulit
835 1197 922 1260 spem
937 1179 968 1241 in
987 1183 1167 1238 ereaturam.
1197 1175 1286 1235 Haeo

359 1261 464 1339 itaque
485 1259 638 1321 beneficia
659 1280 728 1320 eum
749 1259 938 1343 gratitudine
959 1259 1129 1320 affectuosa
1151 1265 1222 1318 sunt
1238 1275 1284 1318 re·

360 1343 577 1415 memoranda,
604 1347 704 1404 etsie
732 1347 837 1405 omnia
858 1343 942 1406 bona
963 1343 1136 1404 voluntarie
1158 1343 1186 1401 ei
1208 1342 1284 1401 refe-

359 1426 457 1486 renda
479 1432 509 1486 et
531 1425 699 1506 offerenda,
722 1446 792 1488 oum
815 1426 1035 1508 promtitnifine
1057 1423 1235 1486 oonlideudi
1254 1425 1284 1484 in

358 1509 458 1570 Deum
477 1511 510 1568 in
532 1517 701 1571 aeternum.
1083 1531 1084 1534 ¹

361 1673 507 1788 Sermo
534 1669 581 1764 in
600 1673 730 1766 Festo
761 1669 1039 1766 Asosnsiouis
1054 1669 1284 1784 Mariaab.

442 1823 572 1885 Beatam
608 1843 659 1884 me
686 1823 791 1884 dieent
824 1843 934 1886 omnes
980 1825 1198 1906 generationes
1224 1829 1284 1886 eto.

360 1905 476 1968 Omnes
506 1909 725 1986 generationes
751 1905 894 1968 dieuntur
921 1908 1136 1969 suooeesiones
1165 1906 1284 1966 seenlo-

358 2009 442 2067 rum,
471 1990 493 2051 i.
516 2007 543 2049 e.
572 1987 626 2048 filii
650 1987 798 2069 filiorum,
832 2010 895 2052 non
919 1995 1037 2069 autem,
1071 1997 1106 2050 nt
1126 1991 1285 2050 somnient

359 2071 484 2150 quidem
506 2071 601 2152 logioi
623 2087 679 2155 p‘er
700 2074 945 2152 suppositionem
967 2072 1204 2153 ineompletam,
1227 2091 1284 2152 pro

357 2154 514 2233 aliquibus
537 2174 577 2214 ex
600 2155 742 2218 oumibus
764 2156 1024 2236 generationibus,
1047 2156 1098 2235 qui
1110 2157 1284 2236 generatio·

357 2256 413 2298 nes
430 2256 487 2318 pro
505 2238 629 2318 populis
645 2238 706 2299 hoo
721 2238 793 2299 loeo
817 2240 980 2319 aoeipiunt,
1003 2257 1072 2298 oum
1096 2244 1199 2298 tamen
1222 2237 1285 2300 ubi·

358 2339 419 2400 que
441 2339 505 2382 non
526 2340 583 2402 pro
605 2321 807 2398 oolleotione,
831 2322 885 2383 sed
907 2323 1105 2383 suooessione
1126 2319 1285 2383 hominum

358 2406 526 2485 eooipiatur
554 2406 585 2465 in
612 2406 785 2485 seripturis,
815 2407 895 2467 sieut
921 2414 953 2467 et
979 2405 1117 2467 ludaeos
1146 2404 1284 2465 Christus

358 2495 452 2549 voest
472 2489 707 2569 generationem
735 2507 861 2567 pravam
886 2495 917 2549 et
937 2486 1118 2551 adulteram.
1160 2488 1281 2549 Deinde

358 2571 445 2651 vide,
474 2570 547 2649 quid
573 2590 631 2631 nos
657 2570 775 2651 inclyta
801 2573 888 2653 virgo
917 2572 1009 2633 dooet
1036 2570 1181 2651 exemplo
1214 2591 1281 2649 suo,

358 2671 450 2732 quam
472 2672 565 2714 verae
585 2653 764 2714 humilitatis
796 2662 827 2714 et
853 2674 949 2735 purae
975 2654 1169 2735 gratitudinis
1190 2654 1281 2716 nobis

359 2736 485 2797 exhibet
504 2734 627 2796 fidelem
650 2736 833 2800 doctrinam.
876 2737 925 2798 Ex
946 2739 1022 2816 hoo,
1053 2740 1109 2817 ait,
1140 2738 1169 2797 i:
1184 2757 1213 2797 e.
1243 2737 1281 2799 ab

357 2819 419 2879 hoo
441 2827 581 2898 tempore
608 2818 731 2881 beatam
761 2840 811 2881 me
838 2820 942 2884 dioent
968 2836 1079 2881 ¹onmes
1107 2822 1281 2901 generatio·

324 2902 327 2905 ’
358 2921 423 2962 nes.
467 2900 592 2976 Quare?
614 2902 772 2983 numquid,
795 2904 867 2983 qnia
887 2906 955 2983 ipsa
976 2904 1073 2965 multa
1093 2904 1175 2981 feeit,
1197 2902 1280 2983 quod
1380 2968 1381 2973 ,

357 2984 414 3044 fuit
446 2986 533 3065 virgo
564 2982 687 3046 humilis
718 2987 823 3067 regiae
860 2988 981 3067 stirpis,
1021 2986 1106 3066 quod
1137 2987 1282 3067 eonoepit
1380 2982 1381 2993 ’

357 3066 454 3127 filium
474 3067 548 3148 Dei,
572 3066 634 3129 fide
655 3072 689 3131 el
709 3070 860 3131 assensu?
888 3069 986 3131 .Nibil
1007 3072 1055 3131 sui
1075 3072 1170 3132 iaetus
1192 3071 1280 3136 meri·
1380 3124 1381 3151 ,

357 3150 395 3229 ti,
422 3150 539 3211 nullum
575 3169 669 3231 opus,
704 3159 824 3213 tantum
860 3172 894 3215 se
926 3153 1082 3233 passivam
1117 3152 1282 3215 oonfitetur
1380 3176 1381 3183 ¹

356 3237 486 3295 matrem
508 3241 541 3294 et
559 3235 758 3314 reeeptrioem
782 3232 932 3297 bonorum
956 3256 1100 3317 operum,
1120 3254 1185 3297 non
1208 3254 1280 3317 ope·

356 3316 509 3379 ratricem.
542 3316 631 3395 Quia,
651 3319 758 3398 inquit,
777 3318 935 3379 seuitmibi
953 3338 1075 3401 magns,
1096 3320 1159 3379 imo
1178 3318 1279 3398 beata,
1380 3356 1381 3365 κ

356 3400 429 3478 quia
449 3400 503 3461 ille
522 3400 608 3479 feeit,
640 3418 719 3479 quae
747 3401 935 3481 factasunt,
963 3420 1043 3481 qnae
1071 3401 1187 3463 donata
1209 3408 1280 3463 sunt

356 3482 440 3545 mihi.
481 3483 530 3543 Ao
559 3502 616 3563 per
642 3484 705 3544 hoo
732 3503 796 3545 non
826 3490 889 3545 tam
917 3487 999 3566 ipsa,
1028 3506 1118 3567 quam
1140 3486 1226 3546 Deus
1248 3486 1278 3546 in
1365 3518 1372 3536 ·

355 3566 410 3627 illa
436 3565 641 3646 benedicitur,
671 3567 743 3646 quia
772 3566 984 3631 beatificantes
1008 3589 1094 3649 eam,
1122 3588 1187 3629 non
1210 3588 1278 3629 eam
1380 3610 1381 3637 ,

355 3649 531 3729 attendunt,
564 3649 635 3719 sed,
648 3648 733 3711 dona
764 3652 794 3711 ei
827 3650 899 3713 data
925 3654 1082 3714 mirantur.
1131 3652 1199 3731 ste,
1235 3654 1279 3713 sio
1380 3648 1381 3711 3

322 3807 323 3814 ’
393 3800 424 3869 ⁸)
444 3772 524 3856 iluna
541 3790 725 3869 sermonem,
746 3819 801 3871 quo
825 3804 959 3859 botherus
989 3820 1013 3858 a.
1032 3804 1100 3859 1516
1125 3802 1277 3857 seeundum
1380 3790 1381 3837 ἶ

355 3870 417 3923 Luc.
438 3874 461 3940 l,
479 3873 515 3928 48
533 3873 648 3926 Mariam
674 3875 755 3927 nobis
788 3879 917 3943 proponit
941 3882 1073 3943 tanquam
1105 3876 1190 3927 enimi
1214 3890 1277 3927 uere
1380 3916 1381 3923 ,

355 3940 467 3995 humilis
487 3950 568 4012 atque
585 3948 658 4013 grati
676 3946 851 4015 exemplum,
876 3948 1012 4001 Loesoher
1035 3964 1071 4000 ex
1098 3944 1193 3999 codiee
1213 3946 1277 3999 nso

355 4011 475 4067 reddidit
492 4016 519 4084 I,
537 4014 591 4071 280
608 4032 684 4087 sqq.,
704 4015 869 4071 Germaniae
888 4018 995 4075 Wuleh.
1013 4015 1079 4086 ΧΠ,
1098 4016 1169 4074 2222
1180 4034 1240 4087 sqq·

736 4245 756 4277 l
807 4235 811 4243 .
