3075 4750
615 523 640 560 a.
659 475 728 564 mio
746 506 844 562 habiti.
1151 501 1192 568 93

273 676 309 738 ad
332 675 519 756 sepulcrum,
541 680 574 736 et
594 675 675 754 quod
697 677 728 736 in
758 675 896 738 secundo
925 665 1023 736 reditu
1043 674 1192 738 Dominus

273 761 415 839 apparuit
435 759 622 820 mulieribus.
661 760 808 840 Discipuli
829 766 930 820 sutem
954 779 1011 820 sua
1030 749 1194 818 increduli·

272 850 334 903 tate
357 843 570 903 dissuaserunt
591 841 784 921 mulieribus,
814 853 845 903 et
866 842 909 904 ibi
930 844 990 902 iam
1013 859 1121 902 omnes
1143 840 1194 902 ad-

272 927 330 986 hue
352 945 418 986 non
439 926 529 986 aliter
549 931 657 1005 putant
678 945 771 1006 quam
790 945 859 988 esse
877 924 1041 986 sublatum.
1062 923 1104 984 Et
1122 923 1193 984 ideo

271 1011 315 1070 rei
343 1010 515 1070 novitatem
544 1010 671 1068 miratae
692 1013 760 1089 jam
788 1009 918 1070 redeunt
944 1028 1012 1068 cum
1039 1007 1130 1070 Petro
1163 1015 1194 1068 et

272 1093 418 1153 Johanne
439 1112 556 1153 rursum
578 1091 617 1152 ad
639 1092 829 1171 cellularum,
858 1089 922 1153 ubi'
937 1093 997 1152 iam
1019 1090 1120 1152 nullos
1142 1110 1193 1151 an·

271 1176 362 1256 gelos
384 1174 536 1250 viderunt,
565 1174 620 1234 sed
647 1176 747 1236 solum
769 1195 932 1236 remanens
954 1175 1050 1234 Maris
1070 1173 1193 1254 Magda-

271 1260 354 1333 lenc,
377 1260 427 1318 cni
449 1267 481 1318 et
502 1264 575 1318 tunc
595 1259 694 1337 primo
718 1260 869 1339 apparuit,
892 1265 924 1318 ut
946 1258 1090 1336 sequitur.
1105 1256 1192 1318 Luc:

271 1342 381 1402 Petrus
405 1349 508 1402 autem
531 1361 659 1421 surgens
680 1343 822 1404 cucurrit.
855 1342 946 1404 Joh.:
979 1340 1019 1400 llt
1041 1341 1093 1402 ille
1115 1340 1193 1400 alius

272 1425 464 1504 Discipulos,
495 1431 528 1486 et
556 1433 706 1485 venerunt
737 1424 776 1485 ad
807 1431 1053 1500 monumentum,
1082 1430 1112 1483 et
1142 1423 1193 1484 ille

272 1508 352 1568 alius
374 1509 509 1568 cucurrit
530 1508 620 1567 citius
642 1507 733 1570 Petro
763 1515 795 1568 et
817 1510 901 1567 venit
922 1508 1005 1586 prius
1027 1505 1066 1566 ad
1089 1525 1193 1567 monu-

273 1599 429 1667 mentum,
464 1599 496 1650 et
523 1610 591 1650 oum
622 1610 657 1650 se
685 1592 880 1668 inclinasset,
915 1590 990 1650 vidit
1018 1590 1195 1650 linteamina

272 1676 387 1753 posite,
410 1693 473 1734 non
498 1680 601 1734 tamen
622 1676 766 1736 introivit,
805 1674 898 1749 Venit
919 1692 992 1753 ergo
1016 1672 1121 1734 Simon
1140 1673 1193 1732 Pe-

273 1765 336 1817 trus
360 1775 496 1835 sequens
520 1766 644 1817 sumet
670 1759 808 1820 introivit
840 1759 871 1817 in
905 1762 1136 1816 monumentum
1163 1763 1195 1816 et

274 1841 353 1900 vidit
383 1840 565 1900 linteamina
593 1841 695 1920 posita
715 1850 755 1900 -ct
776 1840 947 1916 sudarium,
980 1838 1063 1918 quod
1096 1839 1194 1900 iuerat

272 1943 365 2003 super
397 1930 490 2002 caput
518 1924 584 1984 eius
612 1942 675 2004 pon
704 1943 774 1985 cum
803 1922 1028 1986 linteaminibus
1050 1923 1194 2002 positum,

273 2007 440 2086 separatim
463 2007 634 2066 involutum
661 2008 692 2066 in
724 2027 815 2070 unum
850 2005 962 2066 locum.
1005 2005 1091 2066 Tunc
1118 2023 1192 2085 ergo

272 2091 413 2152 introivit
444 2097 475 2148 et
504 2087 557 2150 ille
588 2088 771 2169 discipulus,
810 2091 862 2168 qui
890 2099 1016 2150 venerat
1047 2089 1130 2168 prius
1154 2088 1192 2148 ad

274 2179 507 2233 monumentum
544 2181 577 2234 et
612 2173 687 2232 vidit
713 2183 745 2234 et
773 2171 916 2245 credidit,
945 2172 1081 2233 nondum
1112 2172 1193 2232 enim

274 2256 393 2317 sciebat
414 2256 593 2334 scripturam
616 2256 698 2334 quod
718 2264 842 2354 oportet
863 2275 931 2316 eum
959 2275 978 2314 a
1000 2257 1127 2316 mortuis
1149 2273 1193 2314 re·

176 2333 179 2348 '
274 2358 409 2420 surgere.
455 2338 605 2400 Abierant
626 2358 700 2419 ergo
723 2337 863 2420 discipuli
892 2340 1001 2399 iterum
1027 2337 1067 2402 sd
1096 2345 1194 2399 semet

273 2425 369 2503 ipsos.
414 2422 463 2481 Ex
484 2441 546 2500 quo
569 2431 670 2502 patet,
700 2423 783 2503 qood
808 2423 945 2483 etmulti
968 2421 1019 2481 alii
1042 2421 1192 2482 cumillis

274 2505 395 2567 dnobus
417 2512 576 2585 venerant,
598 2515 630 2566 et
651 2513 684 2565 ut
705 2506 748 2572 lit
771 2505 894 2585 quando
917 2511 1107 2583 compertum
1137 2512 1193 2580 est,

275 2588 358 2668 quod
392 2587 641 2668 figurabatur*)‚
676 2589 836 2669 dispersim
867 2588 1011 2666 redeunt,
1041 2606 1103 2647 noo
1131 2605 1192 2647 uno

275 2673 409 2747 cumulo,
432 2673 511 2732 sicut
530 2679 742 2749 accurrerunt,
771 2673 814 2733 ita
835 2672 885 2733 hic
907 2671 1028 2751 quidem
1053 2670 1194 2750 discipuli

273 2754 399 2815 insimul
421 2754 586 2832 redierunt,
610 2755 751 2817 mulieres
774 2763 875 2817 autem
903 2754 1017 2817 tardius
1045 2772 1100 2815 eos
1124 2762 1195 2815 sunt
1233 2787 1235 2793 ·

274 2840 449 2915 insecutae,
484 2844 515 2897 et
540 2838 589 2897 hic
617 2840 661 2899 eis
683 2840 825 2918 apparuit
845 2839 1003 2900 Dominus.
1048 2837 1136 2899 Unde
1165 2846 1195 2898 et
1231 2890 1234 2901 .

275 2921 375 2981 Lucas
400 2920 440 2981 de
461 2920 564 2981 multis
584 2921 653 2983 aliis
675 2922 736 2984 hoc
750 2922 895 2997 affirmat,
917 2921 1036 2983 dicens:
1058 2920 1099 2981 Et
1113 2921 1193 2981 abie-

275 3013 345 3064 runt
366 3003 490 3083 quidam
514 3023 553 3063 ex
576 3006 688 3067 nostris
712 3005 751 3070 sd
771 3014 1011 3083 monumentum,
1034 3006 1112 3065 sicut
1131 3024 1193 3063 mu·

275 3087 365 3149 lieres
389 3086 546 3162 dixerunt,
575 3090 634 3167 ipsi
662 3108 735 3149 vero
763 3108 824 3151 non
856 3095 1063 3149 cucurrerunt.
1106 3086 1194 3151 Unde

276 3170 381 3250 colligi
394 3177 506 3250 potest
528 3189 590 3232 non
605 3190 674 3231 esse
689 3192 805 3249 verum,
822 3172 905 3251 quod
918 3173 1068 3233 Dominus
1086 3174 1117 3231 in
1135 3172 1194 3231 isto

231 3242 239 3263 '
276 3253 376 3314 reditu
399 3256 575 3333 apparuerit
596 3254 697 3332 Petro,
720 3257 792 3333 quia
810 3256 994 3334 diciturliic,
1015 3254 1099 3336 quod
1114 3254 1195 3317 abie-

277 3339 338 3396 rint
359 3335 398 3395 ad
422 3346 522 3397 semet
543 3339 628 3417 ipsos
647 3337 797 3417 discipuli,
817 3358 879 3399 non
902 3341 1028 3401 invento
1052 3359 1100 3400 eo.
1133 3338 1194 3397 Uti-

277 3439 335 3499 que
356 3418 397 3479 ad
418 3420 582 3480 Dominum
612 3431 753 3499 venerat,
787 3422 845 3481 nisi
871 3422 949 3483 forte
976 3424 1108 3500 dicatur,
1141 3422 1195 3481 Ps-

276 3510 354 3563 trum
388 3502 488 3563 solnm
521 3503 665 3579 rediisse,
695 3511 726 3566 et
754 3506 784 3563 ei
811 3505 976 3567 Dominum
1007 3505 1194 3585 apparuisse.

276 3586 353 3647 Nam
377 3590 455 3646 siout
473 3586 570 3647 Lucas
594 3585 683 3664 dicit,
717 3588 802 3649 solus
823 3589 894 3649 ivit:
930 3589 971 3649 m
992 3589 1067 3649 abiit
1088 3587 1194 3647 Petrus

278 3689 382 3730 seeum
411 3671 525 3731 mirans
556 3670 637 3748 quod
666 3672 780 3731 factum
809 3672 915 3735 suerat.
960 3671 1020 3733 Sed
1049 3671 1119 3729 huic
1143 3670 1194 3729 ob-

278 3754 360 3814 viare
382 3753 511 3830 videtur,
533 3753 616 3832 quod
639 3752 814 3816 mulieribus
836 3758 867 3817 in
895 3757 946 3819 ,ida
973 3753 1127 3833 apparuit,
1164 3759 1196 3812 ut

278 3834 337 3897 hoc
359 3835 516 3917 discipulis
537 3836 716 3899 indicarent.
751 3838 794 3897 At
814 3845 918 3917 potest
939 3836 1028 3914 solvi,
1052 3835 1194 3913 dicendo,
1267 3904 1275 3911 ,

280 3974 428 3983 -·---0—--

331 4024 361 4092 ')
383 4024 543 4095 legendum
561 4029 670 4080 lorsam:
689 4027 887 4094 inquirebatur.
