3075 4750
617 443 859 524 ssrnuugaaa.
1133 441 1197 522 279

273 610 313 674 ad
334 609 500 692 internum,
522 631 559 674 ac
581 631 636 694 per
657 631 710 674 eas
731 613 860 693 petiisse
872 612 1066 678 libertatem:
1092 633 1196 679 occur·

274 695 350 756 risse
382 713 457 755 vero
491 693 674 756 daemonem
701 695 874 776 quendam,
903 697 956 776 qui
986 716 1055 759 cum
1075 694 1196 762 Bullam

273 777 402 859 legeret,
417 777 497 838 inter
507 797 614 838 manus
625 779 720 859 ipsius
732 798 807 859 prae
824 779 928 840 furore
944 781 1024 862 ignis
1036 800 1197 864 papyrum,

274 859 501 940 membranam,
535 879 637 924 ceram
667 866 699 922 et
725 861 887 942 plumbum
914 870 1076 926 consumta
1103 868 1198 946 atque

272 945 316 1005 ita
347 944 482 1004 animam
515 963 645 1004 vacuam
673 945 705 1004 in
734 944 921 1025 profundum
950 947 1197 1026 praecipitatam,

274 1028 352 1087 sicut
369 1025 449 1086 haec
460 1033 622 1088 narrantur
632 1028 664 1088 in
676 1028 798 1107 scriptis
809 1027 933 1088 illorum
943 1029 1147 1109 temporum.“
1157 1064 1194 1074 -

312 1173 316 1180 ,
356 1107 412 1168 His
434 1110 526 1190 igitur
547 1109 742 1173 sacerdotum
763 1112 947 1172 commentis
969 1116 1062 1191 atque
1083 1111 1213 1193 agendi⁸

273 1190 443 1253 rationibus
471 1192 618 1253 Martinus
648 1191 798 1254 lutherus
820 1211 891 1254 suaa
915 1195 1063 1273 opposuit
1084 1213 1197 1275 propo-

273 1275 421 1352 sitiones,
453 1291 528 1353 quas
557 1274 608 1335 die
629 1280 701 1336 ante
722 1275 833 1336 testum
855 1276 991 1337 omnium
1014 1275 1197 1338 Sanctorum

273 1359 371 1436 portis
395 1357 547 1418 ecclesiae
560 1359 639 1418 arcis
656 1357 923 1439 Vittenbergensis
937 1356 1052 1436 affixit,
1075 1358 1198 1420 eodem-

274 1457 334 1520 que
364 1437 415 1502 die
442 1439 571 1502 Alberto
603 1439 837 1523 archiepiscopo
869 1445 901 1500 et
920 1440 1048 1503 electori
1069 1441 1197 1523 liogan-

273 1524 338 1585 tino
362 1522 447 1584 misit
468 1523 649 1603 epistolam,
671 1541 733 1602 qua
752 1522 901 1604 rogabat,
929 1529 964 1587 ut
983 1522 1038 1584 ille
1059 1524 1198 1587 remedia

274 1603 400 1668 afferret
422 1611 526 1666 tantae
538 1606 730 1684 calamitatis,
756 1624 818 1686 qua
832 1604 1095 1688 indulgentiarum
1105 1625 1197 1686 quae

273 1695 373 1831 storqs
396 1688 559 1750 ecclesiam
578 1689 775 1750 christianam
794 1688 1010 1770 perturbarent
1025 1693 1118 1775 atque
1129 1709 1198 1770 pes-

272 1791 339 1832 sum
363 1777 459 1836 arent

353 1853 486 1914 Tantum
507 1852 595 1915 huius
619 1853 772 1934 epistolae
793 1873 813 1914 a
828 1851 962 1915 Luthero
979 1851 1019 1914 ad
1035 1852 1197 1917 Albcrtum

272 1937 540 2020 archiepiscopum
563 1935 654 1998 datae
674 1933 863 1998 reddidimus
884 1936 1055 1998 secundum
1066 1937 1103 2001 1).
1120 1937 1197 1998 Mar-

273 2021 328 2082 tini
348 2019 472 2082 Lutheri
494 2019 573 2101 Epp.
595 2017 634 2082 ab
654 2017 818 2080 Aurifabro
836 2017 934 2082 editas
951 2017 1040 2081 Tam.
1059 2017 1198 2083 118118

274 2103 355 2170 1556
385 2121 415 2184 p.
437 2103 476 2168 37
498 2121 582 2183 sqq,
613 2107 644 2163 et
671 2101 822 2164 lectiones
851 2102 1009 2164 variantes
1031 2101 1198 2164 adiecimus

272 2184 443 2247 secundum
465 2184 546 2246 hano
567 2183 730 2266 epistolam
753 2184 946 2265 originalem,
967 2185 1098 2264 quaein
1113 2184 1198 2247 tabu-

272 2267 353 2329 lario
376 2265 499 2350 publico
518 2265 647 2330 sueciae
666 2268 754 2348 regni
766 2273 951 2344 asservatur,
973 2272 1004 2326 et
1025 2285 1117 2346 quam
1139 2267 1197 2348 pri·

272 2369 340 2413 mus
363 2349 395 2411 in
417 2349 527 2411 hucem
554 2349 681 2433 protulit
700 2349 772 2413 Joh.
795 2347 890 2412 Fridr.
923 2347 1029 2431 Meyer
1055 2349 1087 2411 in
1104 2348 1195 2411 Trac

272 2440 336 2495 tatu
366 2430 405 2495 de
437 2433 570 2495 ecclesia
593 2452 695 2513 papae
715 2432 838 2495 Luther.
866 2432 989 2493 reform.
1011 2438 1143 2512 patrona
1164 2438 1196 2495 et

272 2516 422 2597 clientep.
431 2516 460 2579 7.
475 2514 532 2597 (cf.
544 2514 673 2577 Luthers
684 2516 785 2577 Briefe
795 2515 843 2577 ed.
853 2514 892 2576 de
900 2514 1008 2576 Wette
1016 2512 1041 2591 1,
1053 2516 1092 2579 67
1106 2514 1192 2595 sqq.)

355 2598 480 2683 Legitur
508 2596 615 2661 eadem
646 2598 755 2659 Latine
783 2598 814 2659 111
843 2597 891 2659 ed.
921 2595 1002 2679 Op.
1029 2594 1117 2660 Luth.
1142 2596 1195 2665 ‚le

272 2701 361 2743 nens.
381 2680 422 2759 1.,
443 2700 480 2825 p
504 2684 520 2745 1
549 2680 578 2743 b.
600 2678 749 2743 Wittenb.
771 2680 795 2740 1.
801 2700 849 2823 hp)
872 2680 928 2759 923
985 2668 1139 2749 ermenias
1165 2684 1197 2739 et

270 2764 381 2827 Latine
397 2765 429 2825 in
469 2762 608 2825 oescheri
621 2763 788 2825 Reformat
849 2759 1195 2845 581471688811181-

199 2905 208 2921 ,
272 2846 395 2909 manica
422 2844 589 2927 interprete
615 2846 697 2907 Jona
714 2846 746 2906 in
769 2843 818 2907 ed
840 2842 991 2909 Wittenb.
1014 2843 1072 2923 IX,
1102 2844 1120 2908 3
1147 2862 1195 2924 sq.

272 2928 343 2991 Jen.
364 2929 395 3007 I,
424 2932 440 2993 1
470 2948 515 3009 aq.
537 2928 661 2991 Altenb.
685 2931 719 3007 1,
752 2928 791 2992 13
814 2945 899 3007 sqq,
917 2926 1001 3009 Lips.
1022 2923 1125 3006 XVIl,
1157 2928 1196 3006 53

273 3010 397 3075 Waloh.
419 3010 487 3090 XV,
509 3012 580 3077 479.

358 3092 492 3171 Thessa,
514 3112 590 3173 quas
612 3098 743 3172 vocant,
769 3090 871 3170 XCV,
899 3091 1006 3173 lingua
1025 3087 1135 3154 Latina
1156 3108 1196 3153 ex

273 3195 363 3242 more
390 3177 526 3237 virorum
554 3175 715 3239 doctorum
744 3174 950 3256 conscriptas,
982 3171 1132 3236 lutherus
1163 3174 1196 3233 in
1267 3182 1271 3192 ’

273 3258 384 3341 vigilia
406 3258 542 3321 omnium
563 3258 744 3321 Sanctorum
772 3277 800 3319 a.
824 3258 903 3324 1517
925 3256 1024 3339 portis
1045 3256 1196 3319 ecclesiae

275 3343 357 3405 arcis
370 3340 635 3423 Vittenbergensis
658 3338 764 3401 affixit.
794 3338 861 3401 Eae
882 3338 1111 3421 propositiones
1133 3356 1196 3399 nou

277 3430 367 3488 erant
388 3424 541 3487 aonhnuis
558 3424 691 3485 numeris
703 3423 878 3503 insignitae,
900 3419 955 3481 sed
967 3420 1053 3488 itain
1067 3426 1197 3499 quatuor

276 3506 403 3582 ordines
425 3506 607 3586 dispositae,
629 3512 662 3566 ut
682 3506 714 3567 in
736 3505 864 3587 singulis
886 3506 976 3565 trium
997 3503 1133 3585 priorum
1154 3502 1197 3562 vi-

276 3609 375 3651 cenae
398 3590 510 3669 quinae
537 3594 785 3667 numerarentur,
811 3589 843 3648 in
874 3591 982 3666 quarto
1011 3584 1136 3665 viginti,
1166 3589 1198 3645 et
1252 3650 1256 3661 Ι

273 3674 318 3735 ita
341 3670 476 3753 quidem,
496 3677 530 3732 ut
550 3672 582 3731 in
606 3672 719 3750 forma,
742 3689 834 3751 quam
855 3668 974 3744 dicunt,
996 3674 1105 3747 quarta
1125 3683 1196 3746 qua·

277 3762 348 3819 tuor
379 3754 462 3820 foliis
491 3754 661 3817 chartaceis
711 3752 857 3815 rodirent.
909 3750 1103 3811 Hermannus
1134 3767 1197 3810 von

278 3838 333 3900 der
354 3835 454 3902 Hardt
473 3839 504 3902 111
526 3836 662 3899 Historia
682 3775 808 3901 biara.
828 3831 1077 3921 Reformationis.
1098 3830 1131 3892 P.
1153 3830 1198 3895 1v

277 3942 308 4005 p.
331 3924 372 3991 13
396 3920 482 4003 dicit,
503 3939 537 3985 se
557 3920 724 4005 genuinum
746 3917 847 3987 editae
868 3915 1083 3998 disputationis
1096 3932 1197 3979 exem·
