3075 4750
311 528 315 533 ·
355 496 419 566 234
664 502 799 569 Quaestio
817 503 852 557 dc
870 506 975 559 viribus

355 690 386 753 p.
409 672 473 736 328
492 689 574 751 sqq„
604 678 636 732 et
656 672 739 751 quod
767 673 828 733 huo
850 693 947 754 usque
969 675 1000 735 in
1022 673 1108 736 nulla
1126 672 1283 733 invenitur
1375 700 1376 705 ¹

356 754 541 816 callectIoue
574 772 703 836 opernm
732 756 864 819 Lutheri.
914 758 947 818 ln
982 756 1141 819 ieddaudo
1176 761 1280 821 autem

357 845 458 899 mutue
493 836 602 898 ordine
636 857 699 899 non
734 840 838 901 secuti
868 860 971 901 snmus
1002 840 1167 902 Loeseheri
1201 837 1278 897 Acta

356 921 607 995 Relonnationis,
630 921 684 982 sed
708 922 841 982 Walchii
864 925 1040 1005 exemplum
1055 932 1087 984 et
1099 922 1167 982 libri
1183 920 1279 980 illius:

356 1002 567 1082 Unachuldige
595 1004 800 1065 Naebrichten
830 1013 905 1085 ete,
937 1008 1005 1086 quia
1037 1004 1229 1066 Loeecherue
1250 1004 1281 1062 in

355 1084 442 1145 Aetia
469 1085 605 1148 Reform.
637 1086 861 1167 explicationes
889 1089 928 1150 ad
951 1089 1206 1164 Quaestionems-
1232 1085 1279 1145 Aa

356 1167 449 1227 homo
483 1168 522 1228 ad
550 1168 609 1229 Dei
638 1170 804 1251 imaginem
834 1178 892 1236 etc.
920 1173 1095 1253 praemisit,
1127 1189 1221 1249 quum
1250 1170 1279 1229 iu

355 1250 464 1311 codiee
478 1241 688 1331 manuscripto
711 1252 780 1330 hae,
803 1272 883 1332 quae
903 1254 1028 1334 quidem
1050 1272 1124 1314 vere
1145 1252 1279 1332 disputa

358 1334 475 1395 tionem
504 1332 698 1413 effecerunt·
712 1336 906 1416 appellentur
934 1336 1124 1412 Quaestio
1155 1336 1281 1396 tertia

355 1416 489 1495 ideoque
503 1417 681 1495 neutiquam
696 1421 853 1497 potuerint
863 1420 1000 1500 reliquae
1022 1421 1101 1500 parti
1122 1418 1280 1499 anteponi.
1376 1474 1377 1489 .

437 1499 568 1560 Textum
581 1500 671 1561 huius
684 1499 883 1575 Quaestionis
902 1502 1090 1565 reddidimus
1112 1500 1282 1562 seeundum
1376 1526 1377 1567 ς

355 1582 525 1643 editionem
546 1582 797 1663 Propositionum
818 1584 956 1661 Luthe1i‚
984 1604 1063 1665 quae
1091 1602 1174 1645 anno
1200 1584 1279 1648 1538

356 1665 471 1745 prodiit
492 1664 548 1726 sub
570 1666 673 1727 titulo:
703 1667 936 1747 Propositiones
959 1668 996 1729 D.
1018 1668 1105 1730 Mart.
1128 1666 1219 1727 Luth.
1241 1664 1279 1726 ab

355 1748 443 1808 initio
465 1749 586 1828 negocii
608 1748 800 1829 Euangelici,
823 1751 861 1811 ab
878 1759 986 1812 autore
1002 1757 1160 1826 tractatae,
1182 1768 1281 1829 usque

354 1832 385 1891 in
410 1827 492 1891 hune
513 1830 604 1895 diem.
627 1832 868 1915 Vittembergae.
910 1834 950 1898 u.
973 1835 1009 1894 D.
1032 1832 1203 1896 XXXVIII.
1218 1880 1232 1907 1
1246 1832 1279 1905 Iu

334 1912 430 1996 Illae:
473 1912 629 1973 Dxcusum
651 1914 917 1997 VVittenbergae‚
946 1918 1027 1997 typis
1048 1916 1178 1977 Ioannis
1202 1914 1279 1976 Lul’t

353 1995 447 2056 Auno
468 1996 508 2057 II.
530 1996 567 2059 D.
590 1997 755 2059 XXXVIII.
789 1998 815 2059 V
837 1999 908 2071 Idus
931 1998 1137 2080 Septembris:
1160 1997 1280 2058 etcum

293 2100 302 2109 ’
353 2078 413 2139 hae
436 2078 574 2139 editione
594 2080 779 2141 contulimus
803 2100 881 2161 eam,
904 2101 983 2162 quae
1005 2101 1087 2143 anno
1109 2082 1190 2146 1558
1213 2098 1282 2160 pro·

355 2161 411 2222 diit
424 2161 480 2222 sub
494 2161 599 2223 titulo:
637 2163 889 2244 „Pnopositiones
906 2164 1102 2247 theologicae
1120 2164 1280 2225 Reverea-

354 2244 462 2305 dorum
476 2245 610 2305 virorum
622 2246 659 2305 D.
673 2246 759 2307 Mart.
772 2246 858 2308 Luth.
875 2250 910 2309 et‘
919 2244 964 2311 D.
977 2248 1110 2329 Philippi
1131 2245 1280 2307 Melanth.

354 2327 555 2390 contuentes
577 2346 729 2390 summam
746 2329 905 2392 doetrinae
923 2330 1125 2412 Christianae,
1147 2330 1282 2411 scriptae

354 2419 387 2473 et
412 2412 586 2492 disputatae
612 2412 842 2495 VVitebergae,
882 2414 954 2476 inde
988 2433 1086 2494 usque
1120 2413 1159 2474 ab
1196 2432 1280 2474 anne

356 2498 446 2560 1516.
495 2496 543 2556 De
572 2513 632 2574 quo
664 2502 804 2576 tempore
833 2499 1016 2558 vaticinatus
1046 2504 1094 2558 est
1118 2496 1279 2558 dohaunea

353 2577 474 2654 Hilten,
507 2579 624 2638 initium
647 2577 714 2639 lore
743 2576 971 2642 reformationis
1002 2579 1162 2642 Ecclesiae
1196 2597 1280 2640 aune

356 2664 446 2726 1516.
464 2659 540 2720 (lum
553 2661 791 2741 praefationeD.
804 2662 911 2744 PhiIip.
920 2662 1067 2724 Melanth.
1081 2661 1282 2742 Wltebergae

355 2744 470 2808 Iooef‘
503 2742 609 2803 Edidit
628 2762 682 2804 eae
702 2745 838 2806 lacobus
859 2745 1042 2827 Eysenberg
1061 2745 1227 2806 Hallensie.

436 2825 471 2886 ln
507 2825 646 2886 editione
685 2829 824 2908 principe
863 2829 1111 2909 PropositIonum
1145 2827 1282 2904 Lutheri,

355 2927 435 2988 quae
457 2927 540 2969 nuno
561 2916 609 2969 est
629 2911 785 2970 rarissima
806 2918 837 2971 et
858 2929 941 2972 auno
960 2913 1039 2976 1530
1055 2910 1155 2972 forma
1167 2917 1281 2971 octava

353 2991 545 3072 prodiItsub
568 2991 671 3053 titulo:
716 2994 954 3074 Proposicioues
983 3014 1002 3054 a
1022 2993 1120 3054 Marti.
1144 2993 1279 3054 Luthero

357 3073 487 3135 subinde
521 3073 704 3154 disputatae.
760 3079 791 3135 ln
824 3075 902 3137 fine:
951 3076 1136 3158 Impressum
1159 3075 1281 3138 witta
1325 3113 1331 3119 -

354 3156 469 3238 borgee
479 3175 535 3237 per
550 3157 719 3238 losephum
733 3158 821 3240 Olug.
857 3159 949 3221 Anno
971 3159 998 3219 A
1024 3160 1104 3237 (sle)
1127 3159 1165 3222 D.
1183 3157 1281 3220 XXX.

357 3239 486 3315 (Exstat
510 3241 541 3300 iu
574 3239 718 3302 Biblioth.
751 3242 965 3303 Univereitatia
993 3241 1210 3323 Drlangeusis,
1249 3242 1279 3300 in

354 3322 497 3384 Biblioth.
525 3321 663 3384 Scheurl.
690 3331 720 3385 et
747 3323 892 3386 Diblloth.
928 3326 1015 3406 Reip.
1050 3324 1281 3406 Norimberg.),

355 3405 444 3466 deest
462 3406 541 3466 haee
562 3405 721 3482 Quaestio,
746 3415 779 3468 et
798 3409 829 3467 in
853 3407 989 3469 editione
1011 3429 1041 3469 a.
1065 3409 1145 3487 tote
1168 3409 1215 3468 sic
1236 3409 1279 3468 in-

356 3488 510 3551 scribitur:
553 3488 616 3551 sub
638 3491 758 3552 eximio
778 3491 851 3551 Viro
873 3491 1003 3552 Martino
1025 3490 1158 3552 Luthero
1178 3491 1281 3572 Augu-

319 3639 332 3651 1
353 3573 505 3651 atiniauo,
534 3573 644 3633 artium
667 3592 704 3634 ac
724 3573 917 3655 Theologiae
938 3575 1105 3655 magistre,
1135 3576 1279 3654 proxima

354 3654 405 3716 die
436 3655 585 3734 Veneria,
624 3655 703 3717 hora
738 3656 892 3736 Septima,
928 3658 1067 3736 quaestio
1106 3656 1281 3738 subscripta

355 3737 567 3820 disputabitur.

624 3821 662 3882 ln
685 3820 1007 3883 collectionibus:

437 3903 518 3964 Lat:
551 3901 632 3965 Edit.
654 3904 723 3965 Jen.
744 3904 775 3984 1,
799 3908 850 3968 Ia.
892 3905 973 3966 Edit.
996 3905 1281 3986 witteb.1,oob;

354 3986 514 4048 German:
534 3986 615 4052 Edit.
630 3987 712 4071 Lipe.
725 3987 760 4048 T.
774 3987 872 4069 XVII,
886 3991 953 4053 142.
967 3987 1088 4051 Walch.
1103 3988 1212 4070 XVIII,
1225 3992 1277 4055 20.
