3075 4750
347 461 408 534 108
653 465 801 522 moues
818 463 931 522 tumui

344 643 377 700 at
420 654 527 700 amore
562 636 772 716 praesentium
819 635 973 698 chanami
1024 631 1178 714 Quicquid
1215 633 1268 712 sit,

344 720 417 800 qnia
439 739 499 800 ego
521 737 584 780 non
605 718 749 800 intelligo
767 720 843 780 sotis
864 719 944 780 hanc
965 738 1044 797 rem,
1061 718 1122 780 hoc
1137 719 1174 792 ⁴²)
1197 717 1268 778 aine

345 801 437 864 dubio
469 803 617 864 incertum
638 808 701 878 est,
732 821 773 862 an
801 802 885 864 Deus
917 802 1127 881 imperfectam
1154 801 1268 861 conni-

345 886 461 948 tionem
481 884 600 966 ibi-per
614 883 819 965 indulgentias
841 886 984 962 remittat,
1006 882 1088 964 quod
1107 881 1269 963 imperfec

346 975 378 1030 te
410 974 589 1030 amaverunt
614 968 714 1028 Deum
748 974 780 1030 et
799 968 894 1028 nimio
929 966 1040 1028 affectu
1061 965 1270 1028 adhaeserunt

351 1050 496 1112 creaturis
519 1057 551 1112 et
572 1051 618 1112 sic
636 1056 759 1130 practer
779 1057 924 1131 peccata,
957 1069 1036 1130 quae
1067 1050 1206 1110 iecerunt
1236 1055 1271 1109 et

350 1132 532 1195 deleverunt
557 1153 614 1214 per
649 1134 881 1211 contritionem,
911 1134 1138 1195 confessionem
1169 1139 1201 1194 et
1220 1151 1270 1193 re

349 1216 529 1278 missionem
552 1216 731 1296 plenariam,
752 1215 854 1277 adhuc
872 1216 1048 1278 immundae
1069 1222 1148 1293 sunt,
1175 1233 1270 1296 prop-

347 1306 394 1359 ter
416 1298 510 1359 talem
530 1297 674 1360 affectum
695 1305 862 1377 terrenum,
885 1317 954 1358 cnm
977 1317 1038 1378 quo
1058 1304 1272 1375 recesserunt3

348 1387 381 1442 et
403 1380 524 1461 utique·
540 1381 593 1443 ille
622 1382 735 1442 remitti
764 1401 828 1443 non
850 1383 950 1462 potuit
970 1402 1026 1462 per
1045 1381 1288 1462 indulgentiamx

349 1464 531 1544 plenariam,
548 1484 621 1524 cum
642 1463 779 1525 nondum
794 1464 918 1526 abesset
931 1472 962 1526 et
979 1464 1098 1526 deletus
1118 1483 1174 1544 per
1195 1482 1271 1526 oon-

349 1548 505 1608 tritionem
527 1566 651 1628 semper
676 1553 815 1608 maneret
843 1553 879 1608 et
895 1555 999 1609 manet
1021 1554 1090 1610 actu
1112 1547 1144 1608 in
1166 1547 1272 1608 anima

349 1638 501 1711 separata,
522 1649 582 1699 nec
604 1631 782 1710 purgatorio
804 1631 916 1690 remitti
945 1637 1065 1710 potest,
1098 1631 1156 1690 nisi
1183 1630 1271 1710 prius

349 1713 539 1792 displicuerit
557 1731 614 1793 per
636 1713 851 1775 contritionem
869 1718 901 1774 et
914 1714 1165 1793 resipiscentiam.
1193 1711 1272 1787 Quis

349 1797 441 1877 igitur
462 1794 556 1872 dolet,
579 1814 613 1856 se
634 1795 773 1857 timuisse
795 1797 872 1856 mori
894 1801 1047 1883 etscessst
1062 1797 1171 1858 timere
1188 1815 1271 1857 mor-

350 1885 422 1957 tem,
443 1878 464 1938 i.
487 1897 513 1938 e.
534 1877 658 1938 rebellis
679 1897 749 1938 esse
769 1877 893 1940 divinae
911 1879 1070 1959 voluntati,
1092 1898 1197 1941 nonne
1218 1879 1272 1958 qui

349 1961 412 2023 hoc
431 1960 556 2040 ipsimet
577 1959 691 2038 dicunt,
713 1959 797 2040 quod
817 1961 1026 2042 indulgentiae
1048 1968 1177 2042 prosunt
1197 1980 1272 2022 con-

350 2044 431 2104 tritis
453 2050 547 2122 atque
568 2042 729 2123 confessis,
751 2044 820 2104 aliis
842 2045 1058 2124 nequaquam?
1091 2043 1152 2106 Sed
1175 2043 1274 2122 dices,

350 2126 497 2187 contritio
531 2125 669 2206 perfecta
700 2145 755 2206 per
789 2145 823 2187 se
855 2126 935 2188 tollit
970 2147 1093 2190 omnem
1126 2145 1275 2208 poenam,

350 2227 427 2289 ergo
458 2227 521 2270 non
551 2209 745 2273 necessariae
775 2209 1003 2292 indulgentiae,
1036 2212 1109 2290 quia
1135 2211 1277 2290 perfecte

351 2292 500 2356 contritus
533 2291 635 2352 statim
665 2291 777 2355 evolat.
825 2291 1023 2372 Respondeo,
1038 2294 1149 2354 fateor
1170 2311 1276 2354 meam

351 2376 574 2456 ignorantiam
609 2375 745 2455 perfecte
773 2378 920 2437 contritus
948 2376 1052 2439 evolat
1081 2378 1147 2439 sine
1174 2376 1276 2437 indul-

241 2476 247 2494 ⁸
350 2458 482 2539 gentis,
512 2459 690 2539 imperfecte
734 2465 838 2521 sutem
872 2478 930 2521 nec
964 2479 1033 2521 cum
1064 2460 1275 2541 indulgentiis,

352 2542 424 2621 quia
455 2560 474 2601 a
504 2542 635 2608 contrito
669 2541 806 2620 perfecte
834 2540 918 2603 Deus
952 2542 1027 2603 nihil
1055 2544 1180 2622 requirit
1213 2561 1276 2603 nec

352 2643 411 2703 pro
432 2623 612 2701 actualibus,
634 2642 694 2683 nec
708 2643 765 2703 pro
783 2622 997 2703 habitualibus,
1019 2626 1039 2689 i.
1063 2644 1089 2688 e.
1111 2625 1220 2686 fomite
1242 2632 1276 2685 et

351 2705 480 2785 origine.
524 2705 605 2781 Quid
627 2724 702 2787 ergo
723 2712 853 2785 prosunt
871 2708 1103 2789 indulgentiae?
1135 2707 1184 2769 An
1208 2714 1276 2768 tan-
1317 2736 1318 2741 ¹

352 2794 414 2847 tum
445 2788 485 2848 ad
513 2784 754 2850 satisfactionem
782 2790 968 2853 actualium?
1003 2790 1167 2866 Quomodo
1197 2810 1275 2871 ergo

351 2869 540 2931 redimuntur
561 2872 693 2945 animae,
715 2871 823 2951 quibus
845 2874 978 2937 actualia
992 2876 1192 2951 remittuntur,
1201 2872 1274 2935 aed
1378 2902 1379 2909 ¹

351 2958 456 3014 manet
508 2954 658 3035 originale
706 2974 762 3018 seu
799 2954 980 3019 habitualel
1008 2956 1114 3017 -Nam
1163 2955 1275 3036 quibus

352 3036 503 3116 originale
537 3038 713 3116 remittitur,
757 3044 790 3099 et
832 3040 968 3117 actuale,
1006 3040 1061 3101 sed
1100 3059 1163 3101 non
1191 3058 1274 3101 con·
1378 3078 1379 3089 κ

351 3125 406 3180 tra.
460 3118 616 3200 Originale
655 3119 724 3180 dico
779 3114 916 3183 fomitem
976 3130 1016 3183 ex
1065 3124 1184 3203 origine
1227 3141 1275 3183 re·
1378 3100 1379 3143 l

350 3199 469 3282 lictum,
490 3204 695 3283 pergratiam
725 3204 862 3265 nondum
887 3212 1028 3267 sanatum
1057 3214 1090 3267 et
1107 3203 1276 3267 mortifica-
1378 3204 1379 3225 ¹

353 3290 428 3362 tum,
449 3292 484 3345 ut
503 3287 664 3366 apostolus
686 3286 775 3347 Rom.
798 3290 816 3352 6
839 3294 870 3349 et
890 3290 910 3353 8
932 3287 1075 3368 loquitur.
1119 3289 1167 3348 An
1192 3306 1275 3367 quae

352 3375 544 3446 meruerunt,
576 3369 661 3428 utin
682 3370 861 3451 purgatorio
892 3370 946 3432 vel
964 3378 1063 3433 morte
1085 3370 1178 3451 digne
1200 3389 1275 3431 con·
1378 3386 1379 3395 ¹

352 3456 488 3511 terantur
509 3471 602 3531 super
623 3451 730 3513 fomite
750 3452 826 3530 hoe,
858 3472 914 3533 per
934 3453 1140 3535 indulgentiae
1164 3472 1273 3515 conse·
1378 3492 1379 3529 ,

352 3532 503 3612 quentur?
524 3534 612 3595 Hanc
634 3533 846 3598 difficultatem
875 3555 936 3597 non
964 3536 1168 3617 perpendunt,
1190 3535 1275 3615 quod
1378 3556 1379 3589 u

351 3614 391 3677 de
424 3616 537 3688 fomitis
570 3616 807 3681 mortificatione
834 3624 865 3678 et
892 3618 1018 3679 rediculi
1049 3625 1180 3700 peccato
1210 3638 1275 3680 am·

352 3698 431 3776 plius
452 3719 545 3759 nemo
567 3706 615 3759 cst
635 3699 796 3779 sollicitus,
830 3707 946 3762 tautum
968 3702 1008 3763 de
1029 3700 1199 3763 actualibus
1222 3720 1273 3761 cu·

351 3787 420 3841 rant
451 3782 662 3861 amputandis,
695 3784 902 3864 conterendo,
935 3784 1122 3863 confitendo,
1154 3784 1273 3845 satisf·

353 3901 454 3909 ——-

403 3948 436 4020 ³¹²)
458 3952 570 4023 Sincera
598 3952 753 4014 Confessio.
