3075 4750
348 512 413 582 230
676 514 825 567 Sermones
844 512 953 567 liutheri

355 684 547 767 pusillorum.
581 682 713 743 Primum
737 698 872 741 messum
895 686 927 740 et
949 676 1105 757 sensibile,
1128 696 1189 757 quo
1211 696 1277 737 ma-

351 769 463 829 nifesto
485 772 616 847 peccato
643 767 719 825 citra
747 782 869 841 omnem
900 764 1035 843 speciem
1063 760 1176 823 bonam
1204 778 1277 840 pro-

351 857 502 912 vocantur
513 848 552 908 ad
569 854 746 929 peccatum:
769 846 824 907 sed
839 846 900 907 hoc
913 843 1091 905 scandalum
1106 851 1153 904 est
1174 844 1279 902 minus
1382 838 1383 853 ¹

351 932 569 1013 periculosum,
589 932 660 1010 quia
672 929 833 990 evidenter
850 929 1049 1009 cognoscitur
1061 946 1131 987 esse
1148 925 1277 1001 malum,
1382 910 1383 1005 J

352 1015 423 1075 ideo
447 1020 551 1093 potest
571 1014 673 1073 caveri
694 1021 726 1073 et
747 1032 809 1072 non
834 1030 903 1071 esse
925 1010 1114 1087 scarrdalunu
1136 1010 1199 1069 imo
1223 1026 1277 1067 ae·
1382 1032 1383 1035 ¹

355 1097 576 1173 diflcatorium,
604 1099 629 1155 si
651 1096 754 1157 alieno
776 1095 914 1175 periculo
936 1092 1001 1153 fieri
1024 1092 1154 1151 velimus
1176 1091 1277 1150 cauti:

339 1198 412 1241 ‘nec
439 1178 479 1239 de
505 1179 564 1239 isto
592 1178 803 1259 principaiiter
830 1184 905 1257 puto
941 1176 1092 1236 Christum
1126 1175 1277 1235 locutum.

353 1262 492 1323 Alterum
520 1269 568 1322 est
606 1261 718 1323 subtile
746 1266 778 1320 et
808 1261 997 1339 speciosum,
1031 1256 1114 1337 quod
1142 1255 1280 1317 creditur

290 1340 297 1344 ’
354 1364 424 1407 esse
445 1335 570 1422 bouum,
591 1349 622 1403 et
644 1344 711 1403 siue
728 1343 872 1423 scrupulo
890 1349 1076 1421 acceptatur.
1109 1339 1195 1401 Sicut
1207 1338 1279 1399 falsi

355 1427 525 1509 prophetae
546 1446 602 1507 per
623 1445 736 1486 nomen
758 1426 883 1486 Domini
912 1424 1059 1505 populum
1091 1423 1164 1483 olim
1186 1421 1278 1481 sedu-

170 1560 175 1577 .
285 1578 290 1592 .
356 1510 483 1587 cebant,
512 1516 543 1569 et
563 1509 727 1587 haeretici,
756 1510 807 1588 qui
830 1510 860 1567 in
884 1508 1075 1567 vestimentis
1098 1507 1200 1566 ovium
1223 1522 1279 1583 ge-

355 1593 464 1653 rebant
485 1593 575 1674 iupos
596 1610 735 1673 rapaces.
778 1590 847 1652 Hoc
868 1589 1048 1650 scandalum
1076 1595 1123 1648 est
1150 1588 1280 1667 proprie
1382 1642 1383 1671 3

355 1661 534 1737 scandalum
557 1681 589 1735 et
604 1675 824 1754 periculosum:
852 1674 882 1733 in
907 1672 989 1751 quod
1012 1672 1063 1751 qui
1084 1671 1189 1751 lapsus
1213 1670 1279 1729 fuc-
1382 1706 1383 1755 p

356 1758 395 1818 rit
415 1758 467 1817 vix
489 1751 660 1818 revocatur.
704 1756 820 1817 Contra
841 1756 902 1817 hoc
923 1755 1102 1836 prophetae,
1125 1753 1280 1831 Christus,
1382 1798 1383 1807 ,

356 1840 501 1921 apostoli,
526 1840 625 1912 sancti
646 1840 752 1900 Patres
774 1858 892 1899 summe
920 1837 1147 1899 laboraverunt.
1196 1834 1279 1895 Nam
1382 1872 1383 1885 η

313 1936 317 1943 “
357 1924 477 2003 species
498 1922 583 1982 bona
604 1929 689 1982 tenet
710 1941 775 2000 eos,
798 1942 837 1982 ne
855 1920 1033 1981 scandalum
1052 1938 1121 1979 esse
1135 1918 1279 1979 credant:

357 2014 389 2065 et
409 2006 453 2065 ita
473 2010 604 2085 pereunt
625 2011 789 2083 antequam
810 2003 1012 2083 intelligant„
1036 2002 1110 2065 Ideo
1133 2009 1223 2062 atrox
1247 2007 1281 2060 et

356 2106 439 2148 nova
473 2106 576 2167 poena
615 2088 658 2147 eis
697 2088 871 2147 decernitur
908 2104 927 2145 a
958 2086 1079 2148 Christo
1121 2086 1160 2145 dc
1193 2082 1282 2145 mola

357 2168 491 2230 asinaria
512 2176 570 2229 etc.
607 2168 700 2229 Tales
722 2177 755 2230 et
775 2176 882 2230 nostro
905 2168 1011 2229 seculo
1034 2168 1192 2231 abundant
1212 2165 1281 2249 piu·

357 2254 435 2330 rinu,
458 2252 509 2331 qui
530 2253 562 2311 in
585 2253 681 2313 multa
696 2254 800 2333 specie
816 2252 989 2329 sanctitatis,
1002 2252 1158 2329 incedunt,
1180 2248 1281 2311 muita

346 2336 441 2397 'bona
461 2334 584 2414 docent,
606 2336 718 2396 multas
740 2335 924 2396 devotiones
946 2342 977 2395 et
998 2352 1107 2414 preces
1121 2338 1280 2410 exercent,

357 2420 534 2499 passionem
547 2419 658 2479 Christi
682 2419 867 2498 quandoque
888 2437 957 2477 curn
980 2417 1113 2479 lacrimis
1135 2421 1281 2478 tractant.

356 2502 390 2562 Iu
418 2520 548 2580 quorum
578 2519 632 2562 ore
660 2502 733 2562 nihii
764 2507 873 2580 sonat,
906 2501 964 2560 nisi
991 2500 1170 2562 humilitatis
1200 2518 1280 2569 nox:

357 2602 415 2646 nec
435 2592 550 2664 gestus,
574 2586 631 2644 nisi
653 2585 847 2644 sanctitatem
869 2601 943 2663 prae
965 2601 999 2642 se
1020 2584 1089 2644 ferti
1123 2583 1190 2643 Hac
1210 2599 1279 2664 spo

355 2667 403 2727 cie
431 2685 500 2725 cum
530 2667 597 2726 aliis
625 2667 803 2746 exemplum
837 2667 949 2726 facturn
987 2666 1112 2745 fuerint,
1145 2667 1279 2742 interim,

356 2750 427 2810 dum
461 2756 610 2809 secretam
640 2749 787 2808 invidiam
817 2757 848 2809 et
869 2747 1042 2828 superbiam
1066 2755 1097 2808 et
1118 2751 1278 2827 auaritiam

357 2833 452 2908 aiunt,
474 2849 576 2910 neque
596 2831 782 2912 intelligunt
805 2849 894 2911 quam
919 2832 1029 2891 misere
1051 2840 1179 2912 pereant
1208 2831 1280 2913 ipsi,

357 2931 458 2992 neque
497 2933 586 2992 quam
626 2914 738 2975 multos
777 2917 956 2994 ignoranter
995 2932 1100 2974 secum
1138 2915 1280 2994 perdant.
1382 2911 1383 2990 ξ

357 2997 435 3057 Nam
458 2995 540 3075 quod
563 2998 652 3076 proni
675 3003 745 3058 sunt
766 2997 845 3058 alios
866 2996 1011 3075 iudicare,
1034 2996 1206 3074 detrahere,
1229 2998 1280 3058 de·
1382 3023 1383 3052 r

357 3080 487 3158 spicere,
510 3079 623 3140 deinde
643 3081 759 3140 iactare
781 3099 814 3140 se
837 3087 868 3140 et
879 3099 943 3158 sua,
967 3081 1102 3139 omnium
1117 3079 1279 3140 hominum
1382 3119 1383 3172 p

357 3163 453 3222 vitam
472 3162 636 3242 explorare
657 3170 689 3222 st
710 3169 856 3222 tractare:
880 3162 1046 3241 aliquando
1069 3164 1162 3222 etiam
1185 3163 1279 3223 maie·¹

357 3244 477 3322 dicare,
515 3252 547 3304 et
574 3245 678 3305 multis
708 3245 829 3305 iudiciis
856 3245 1041 3306 teterrimam
1071 3243 1220 3306 invidiam
1250 3253 1282 3306 et
1382 3243 1383 3284 ³

359 3326 533 3407 superbiam
563 3326 744 3388 ostendere:
785 3327 815 3387 id
846 3334 961 3404 totum,
1000 3328 1086 3406 quasi
1114 3335 1188 3387 tura
1216 3347 1280 3388 uon
1382 3351 1383 3398 ι

359 3417 459 3489 egeat,
480 3410 599 3489 reliqua
614 3410 719 3488 specie
735 3411 779 3469 ita
794 3409 985 3488 adumbrant,
998 3417 1032 3469 ut
1045 3409 1111 3470 aliis
1129 3411 1281 3472 imitabile
1382 3409 1383 3484 J

357 3492 433 3552 fiant
453 3493 639 3573 exemplum,
661 3493 692 3553 id
714 3500 770 3570 est,
792 3493 959 3572 pessimum
981 3492 1170 3553 scandalum.
1214 3493 1281 3554 Hos

357 3575 469 3636 Paulus
492 3575 619 3655 pulchre
640 3575 779 3656 depingit
800 3579 828 3638 2.
851 3575 927 3637 Tim.
945 3577 974 3656 3,
997 3575 1120 3654 quaudo
1143 3577 1280 3655 speciem

357 3658 480 3743 pictatis
503 3655 662 3718 habituros
683 3657 846 3738 praedixit,
868 3658 922 3718 sed
945 3660 1086 3718 virtutem
1105 3660 1170 3718 eius
1187 3659 1280 3720 abue-

358 3748 494 3822 gaturos.
527 3739 619 3800 Tales
642 3760 711 3802 esse
733 3757 861 3800 necesse
878 3749 925 3802 est
940 3760 1058 3821 omues,
1081 3741 1132 3820 qui
1148 3742 1280 3801 iustitias

359 3831 391 3884 et
421 3823 601 3884 traditiones
634 3823 791 3884 hominum
827 3831 1011 3903 sequuntur,
1060 3823 1168 3884 relicta
1209 3823 1280 3884 fidei

358 3907 480 3967 iustitia.
515 3903 564 3966 -Et
583 3905 630 3965 his
651 3905 744 3966 hodie
766 3906 871 3967 omnia
891 3907 962 3988 ioca
992 3906 1119 3982 referta,
1147 3907 1198 3986 qui
1225 3925 1280 3968 ao

359 3989 527 4049 cendssimi
547 3996 619 4048 suut
637 3988 669 4047 in
691 3994 799 4048 sancta
820 3987 877 4049 Dei
899 3989 1041 4052 ecelesia.
1085 3988 1157 4050 idso
1181 3991 1280 4070 sequi
1382 4045 1383 4072 p
