3075 4750
617 527 642 570 e
661 510 731 571 tuto
748 513 844 569 naus.
1007 575 1011 580 ,
1133 507 1195 577 tto

273 689 364 764 peter
385 683 531 745 excelsus
552 683 675 746 dieitur:
699 703 773 766 ergo
796 703 862 745 vox
875 684 907 744 in
923 683 1021 745 Reme
1038 686 1085 742 est
1100 681 1192 760 idem,

278 766 365 846 qnod
383 785 449 828 vox
469 769 501 827 in
524 768 669 848 excelsis,
695 769 714 828 i.
738 787 765 827 e.
788 766 871 847 quod
892 765 989 827 Lucus
1017 783 1072 825 suo
1106 784 1202 844 more,

274 856 427 911 montena
448 849 551 911 dioere
572 851 669 930 solet,
698 851 771 930 quie
791 856 936 911 montoso
956 855 1004 910 est
1023 855 1104 909 terre
1124 867 1193 930 pro-

274 933 449 1010 missionis,
486 953 561 1015 ergo
600 935 632 994 in
670 934 825 994 montenis
854 932 1035 994 Bethlehem
1067 931 1193 992 Rehelis

274 1033 338 1077 vox
367 1015 473 1076 audite
500 1023 555 1079 est.
584 1017 737 1079 ‘Herodes
763 1023 905 1077 eruentus
931 1035 987 1076 rex
1007 1015 1121 1076 multos
1142 1015 1193 1075 Ju-

275 1098 425 1159 deeorum
447 1099 571 1177 ooeidit,
592 1119 642 1180 eo,
665 1099 747 1180 qnod
768 1119 891 1180 semper
917 1099 1016 1159 timuit
1040 1098 1128 1179 regni
1149 1099 1192 1158 in·

275 1198 441 1260 vesorem,
470 1201 565 1262 quere
585 1190 617 1270 et
636 1182 717 1246 tilios
737 1201 811 1244 suos
838 1189 899 1242 tres
923 1181 1036 1244 oooidit
1055 1199 1195 1242 uxorem-

275 1281 335 1344 qne
355 1265 529 1345 proprium:
557 1267 601 1326 ite
622 1273 653 1326 et
673 1265 824 1328 Christum
846 1266 926 1325 inter
945 1265 1078 1326 inientes
1101 1283 1192 1344 quee-

274 1349 322 1426 rit,
345 1348 518 1428 suspieetus
538 1349 634 1427 forte,
668 1348 751 1429 quod
779 1354 940 1429 parentum
962 1347 1073 1408 Christi
1102 1365 1193 1408 suasu

274 1431 374 1511 magis
403 1449 472 1490 eum
492 1430 652 1493 illusisset:
679 1431 797 1492 seiebet
823 1431 904 1492 enim
925 1429 1062 1491 Judeeos
1088 1447 1193 1512 regem
1294 1479 1297 1482 .

274 1518 473 1593 exspectare,
507 1521 539 1574 et
568 1534 602 1576 oe
632 1515 709 1576 miro
738 1514 832 1576 modo
854 1513 991 1574 fastidiri.
1034 1511 1110 1575 Ideo
1138 1531 1194 1593 per

247 1596 426 1684 ¹insontum
446 1615 556 1658 necem
577 1599 670 1659 etiem
690 1599 776 1678 ipsos
798 1603 923 1658 terrere*
936 1595 1050 1676 voluit,
1082 1615 1122 1655 ne
1149 1595 1190 1656 fe

274 1678 336 1740 oile
355 1697 462 1760 regern
489 1681 647 1742 ieeterent.
689 1680 738 1741 Ad
760 1681 953 1761 propositum
975 1683 1113 1740 nostrum
1134 1685 1192 1780 eto.

272 1890 342 1984 Ex
373 1891 573 1987 Sermone
593 1892 743 1988 habito
767 1889 987 1987 Domirieo
1009 1891 1070 1986 10.
1094 1894 1194 2012 post

524 2005 679 2102 Trinit.
709 2035 747 2102 a.
778 2007 886 2102 1516ὂ
899 2006 942 2122 *)

357 2157 407 2218 De
427 2155 643 2241 Indulgentiis,
665 2177 745 2238 queo
764 2158 915 2240 proferto,
938 2159 996 2220 etei
1012 2159 1073 2220 sint
1094 2159 1193 2240 ipsum
1250 2158 1252 2162 ’

331 2361 363 2431 ⁸)
383 2363 475 2417 Etiam
493 2363 567 2417 hune
586 2380 742 2419 sermonem
762 2364 797 2418 de
814 2361 1005 2433 indulgentiis,
1028 2366 1055 2417 et
1074 2363 1121 2431 qui
1140 2362 1195 2417 duo

197 2468 201 2483 .
271 2442 430 2505 sequnntur
449 2436 532 2489 simili
550 2440 723 2505 argumento,
741 2437 910 2491 Loeseherus
929 2437 1034 2503 primus
1050 2450 1086 2487 ex
1099 2434 1194 2489 codiee

271 2507 340 2561 lise
369 2508 400 2559 in
424 2506 514 2561 lneem
544 2508 667 2575 protulit.
714 2508 845 2577 Superius
882 2506 993 2575 quidem
1022 2506 1068 2559 hle
1100 2520 1193 2561 sermo

271 2578 482 2633 interserendus
500 2585 574 2645 eret,
591 2580 641 2633 sed
660 2596 744 2647 quum
772 2580 806 2633 de
825 2578 1004 2647 indulgentiis
1022 2579 1052 2631 in
1078 2592 1112 2632 eo
1130 2592 1195 2648 ege·

272 2656 335 2716 tur,
358 2666 413 2704 nos
439 2666 504 2703 eum
522 2666 585 2703 enm
603 2652 711 2705 duobus
731 2651 925 2720 sequentibus,
954 2651 1001 2719 qui
1027 2649 1111 2703 simili
1130 2654 1195 2703 sunt

272 2727 460 2791 argumento,
483 2722 704 2792 coniungenduru
738 2724 909 2787 censuimus,
933 2722 1023 2791 magis
1051 2736 1195 2790 tegumen·

272 2799 334 2845 tum
352 2809 437 2861 quem
459 2796 592 2862 temporis
612 2795 736 2848 ordinem
763 2798 928 2861 spectantes.
965 2792 1149 2861 Loeseherns,
1173 2794 1195 2859 I,

274 2866 329 2921 729
350 2880 411 2933 sqq.
431 2880 479 2918 eos
498 2864 588 2918 reddit
606 2873 688 2935 etque
706 2867 745 2920 ite
764 2866 799 2919 de
823 2866 856 2918 iis
876 2864 991 2919 iudicat:
1024 2864 1106 2931 „illan
1125 2864 1196 2919 eieht

274 2952 326 2989 ene
345 2935 443 2989 diesen
462 2934 624 3007 Sermones,
642 2940 696 2991 wie
715 2936 871 3002 christlieh,
898 2936 1042 2989 behutsam
1063 2934 1119 2988 und
1139 2952 1196 2990 ver·

275 3006 390 3077 stltndig
407 3007 509 3060 Lnther
526 3008 571 3061 die
581 3010 767 3063 Ablasesoohe
786 3024 837 3063 vor
855 3008 903 3060 der
915 3008 1085 3062 Publieation
1105 3009 1196 3061 ssiner
1279 3008 1281 3014 '

274 3080 387 3134 stesso
405 3079 560 3133 trektiret.“
578 3082 720 3152 Wnlehiue
737 3096 788 3135 eos
799 3080 964 3149 *germaniae
982 3078 1102 3133 reddidit
1117 3081 1194 3135 Tem.

275 3151 351 3215 ΧΙΧ,
379 3150 433 3205 917
457 3166 517 3220 sqq.
549 3157 631 3221 etque
655 3156 695 3205 ite
721 3152 757 3204 de
782 3154 816 3205 iis
841 3151 951 3205 disserit
967 3152 997 3203 in
1014 3152 1195 3219 praelatione,

276 3224 307 3274 T.
324 3222 400 3291 XIX,
415 3222 468 3290 ,761
497 3223 552 3290 ,Es
577 3227 614 3285 ist
631 3224 729 3278 dareus
748 3223 955 3288 obtunehmeu,
983 3226 1037 3275 wie
1061 3224 1196 3277 Lntherus

277 3294 321 3347 die
339 3293 547 3363 Ablesssuehe,
572 3296 623 3350 ehe
647 3312 677 3349 er
695 3297 772 3349 seiue
791 3296 870 3347 S'a'tze
889 3309 939 3346 ans
960 3292 1036 3347 Licht
1055 3296 1197 3365 gebracht,

277 3364 437 3435 engesehen
457 3366 538 3433 habe,
556 3366 614 3419 und
624 3369 677 3419 wie
696 3383 726 3419 er
743 3368 888 3420 hierinnen
905 3364 975 3417 nach
996 3364 1053 3417 und
1071 3367 1143 3419 nach
1163 3382 1196 3417 nu

277 3438 354 3490 einer
371 3435 579 3506 hinltngliehen
599 3438 781 3492 Erlsenntniss
805 3438 919 3506 gelengt
943 3438 992 3503 sei,
1028 3436 1196 3507 Anstnglich

278 3510 402 3561 verereri
417 3524 448 3560 er
465 3508 518 3560 den
537 3509 639 3563 Ablnss
664 3526 700 3563 sn
726 3510 784 3561 und
807 3511 851 3561 tur
874 3508 932 3561 sich
958 3509 1048 3571 nieht,
1076 3508 1196 3561 eundern

278 3596 330 3633 nur
359 3580 414 3632 den
449 3578 529 3633 dnbei
563 3580 760 3651 vorgehenden
799 3580 984 3644 lliusbreuoh,
1032 3578 1096 3632 dass
1139 3578 1198 3629 der-

280 3652 357 3705 selbe
379 3651 421 3703 els
441 3653 486 3705 ein
503 3651 591 3707 llittel
609 3654 672 3705 dem
691 3652 774 3707 Geine
802 3654 845 3704 ein
866 3651 981 3720 Genilge
1007 3666 1040 3701 nu
1064 3651 1131 3702 thun
1152 3665 1197 3702 en·

280 3722 433 3791 gewendet,
454 3722 510 3774 und
534 3724 579 3777 die
597 3726 742 3778 Meusehen
774 3723 897 3775 dedurolr
924 3738 959 3775 en
978 3720 1027 3773 der
1046 3723 1198 3789 Ausitbuug

282 3794 389 3847 wuhrer
408 3792 604 3864 Gottstliglreit
622 3795 679 3848 und
698 3812 732 3848 an
758 3796 821 3849 dem
846 3795 971 3863 thitigen
991 3791 1197 3846 Christenthum

281 3864 425 3918 behindert
455 3866 579 3919 wiirden.
614 3866 706 3921 Allein
734 3864 930 3936 naehgeheuds
961 3864 1026 3916 kern
1046 3864 1087 3933 jer
1111 3863 1198 3917 durch

284 3934 325 3989 die
343 3935 447 3991 Gnude·
459 3935 556 3992 (iettes
578 3942 607 3991 in
633 3941 724 3993 seiner
741 3938 923 3991 Erkenntniss
942 3937 1038 3990 weiter
1056 3936 1111 3990 und
1132 3936 1198 3989 sshe

283 4008 355 4062 wohl
372 4011 427 4076 ein,
445 4008 511 4063 dees
530 4010 579 4064 der
595 4011 749 4081 ptpstliehe
766 4010 868 4064 Abless
887 4024 923 4060 en
935 4008 992 4061 und
1005 4010 1050 4062 fiir
1062 4009 1125 4073 sieh,
1136 4010 1198 4063 eine

989 4244 993 4273 l
