3075 4750
344 480 409 549 418
740 485 873 565 Asterlsui

346 655 437 715 elusit
457 653 514 714 sub
535 660 677 734 pensato.
721 655 824 735 Atque
845 662 879 715 ut
898 670 998 715 meam
1021 656 1207 717 sententiam
1223 670 1268 716 re-

346 738 457 817 velem,
480 739 511 797 in
533 738 593 797 han
611 738 826 817 propositione
847 737 879 798 id
896 738 988 817 volui,
1005 738 1171 817 quodoum
1183 740 1268 799 Deus

346 840 468 901 semper
488 819 606 902 affligat
627 839 720 899 suos,
749 829 784 881 ut
811 822 851 881 ad
873 823 1095 902 poenitentiam
1117 822 1267 899 humiliet,

346 906 426 965 siout
446 907 478 965 iu
500 904 636 964 deremia
656 903 745 968 dirit-
766 904 935 985 Oastigabo
957 914 989 965 te
1009 906 1041 964 in
1063 906 1195 983 iudieio,
1228 924 1268 965 ne

228 1056 233 1063 ¹
346 988 400 1049 tibi
424 987 584 1047 videaris
576 1004 736 1065 innocens,
758 995 790 1048 et
810 986 885 1048 illud
906 987 1003 1049 Psal.
995 987 1065 1059 89:
1105 989 1138 1051 Si
1161 988 1268 1049 dereli-

346 1072 468 1149 querint
487 1069 541 1129 filii
558 1072 624 1130 aius
639 1070 741 1151 legem
762 1089 874 1150 meam,
895 1072 1059 1132 visitabo'
1051 1092 1082 1131 m
1098 1074 1186 1153 virga
1208 1080 1268 1134 ete
1284 1087 1295 1094 ·

344 1153 450 1216 Haeo·
446 1151 690 1233 praerudentem
718 1172 853 1235 poenam
880 1172 939 1235 ego
965 1154 1050 1215 volui
1075 1174 1153 1216 ··non
1174 1174 1277 1235 posse,

345 1256 365 1296 a
387 1254 469 1316 papa
488 1238 611 1314 remitti,
632 1236 687 1297 sed
709 1245 891 1316 sequentem
913 1245 945 1297 et
965 1239 1214 1313 satisfactorium,
1233 1238 1268 1297 id

346 1328 407 1397 ast,
434 1320 475 1380 ab
497 1282 630 1379 eeclesia
655 1319 847 1399 impositam,
877 1338 947 1380 nam
974 1328 1158 1399 sequentem
1184 1322 1268 1381 Deus

346 1422 501 1481 nunquam
524 1404 664 1483 imponit,
686 1406 852 1463 contentus
877 1403 959 1482 quod
976 1404 1134 1465 bominem
1149 1422 1188 1465 eo
1200 1424 1268 1483 per-

149 1531 150 1538 ,
233 1540 239 1553 ,
345 1486 476 1565 duxerit,
492 1495 571 1546 ntea
583 1488 682 1566 ipsum
694 1485 819 1566 indicet,
840 1505 878 1546 ne
894 1487 990 1547 aDeo
1003 1487 1163 1565 iudicetur,
1182 1489 1269 1547 ιιιιιιι

345 1570 473 1629 Paulum
496 1572 524 1631 1.
537 1570 673 1631 Corinth.
696 1573 728 1632 2.
750 1570 910 1648 dioetquer
932 1570 1038 1630 Justns
1057 1590 1101 1649 es,
1121 1571 1266 1647 Domine,

346 1661 380 1713 et
399 1661 516 1713 reatum
539 1652 683 1713 iudicium
705 1659 802 1714 tuum.
835 1653 901 1713 lmo
925 1662 959 1713 ut
979 1652 1080 1713 dinam
1103 1654 1188 1732 quod
1201 1654 1269 1713 Ari-

347 1736 575 1802 stoteliootatos
603 1736 713 1795 Eeoius
740 1738 865 1796 miretur
893 1736 1011 1814 lorsan,
1048 1755 1107 1797 neo
1134 1736 1270 1799 adelesia
1388 1778 1389 1785 ι

344 1820 472 1898 requirit
492 1819 585 1878 ullam
607 1837 742 1899 poenam
764 1826 944 1898 sequentem
972 1827 1003 1879 et
1031 1820 1267 1881 satisfactoriam

346 1910 418 1981 post
445 1902 671 1962 absolutionem
699 1913 733 1961 ut
759 1902 934 1981 Propositin
963 1906 1011 1966 12.
1046 1910 1161 1963 nostra·
1184 1904 1267 1979 dioit,

346 1986 421 2045 lieet
441 1986 523 2044 enim
543 2004 626 2044 nuno
647 2003 720 2052 usus
741 1987 791 2062 sit,
813 2002 932 2065 poenas
954 1986 1032 2046 ferre
1054 1995 1128 2065 post
1143 1986 1267 2047 absolu

346 2069 479 2145 tionem,
501 2074 605 2128 tamen
628 2068 702 2128 olim
722 2086 787 2129 non
809 2070 853 2129 ιιι
874 2076 940 2129 erat
968 2070 1078 2146 moris,
1106 2071 1195 2130 ouius
1217 2069 1267 2129 vel
1321 2075 1326 2086 “

345 2151 377 2210 id
414 2152 536 2211 unicum
565 2151 672 2213 ,adhue
704 2158 800 2212 restat
831 2152 1009 2233 vestigium,
1049 2152 1130 2231 quod
1165 2152 1269 2213 nullus
1388 2150 1389 2195 ἒ

345 2234 515 2296 absolvitur
535 2236 593 2294 nisi
613 2236 697 2314 prius
722 2236 868 2314 impositu
901 2242 933 2295 et
960 2242 1122 2315 aoeeptate
1152 2255 1268 2315 poena,

343 2318 480 2380 evidenti
506 2318 625 2379 soilioet
653 2326 852 2398 argumento,
880 2318 964 2400 quod
991 2320 1131 2380 remissio
1156 2336 1266 2400 penae

342 2411 443 2464 torum
471 2403 511 2463 ad
538 2404 741 2467 imitationem
769 2403 827 2462 Dei
857 2405 949 2463 etiam
977 2403 1015 2463 ab
1039 2404 1173 2466 ecelesia
1195 2411 1268 2483 post

343 2501 476 2568 poenam
503 2485 703 2565 impenditur,
731 2487 794 2546 hoo
819 2493 892 2565 est,
916 2494 949 2546 ut
972 2487 1028 2546 etsi
1051 2505 1114 2546 non
1136 2507 1188 2566 re,
1223 2494 1267 2547 ta·

343 2589 414 2631 men
447 2578 525 2630 voto
556 2571 617 2629 iam
648 2570 689 2628 nit
716 2568 831 2630 solute.
887 2569 941 2629 An·
968 2576 1070 2629 autom
1100 2572 1162 2631 iste
1198 2589 1266 2630 mos

343 2655 441 2714 nostri
463 2653 559 2713 senuli
579 2655 624 2712 ιιι
643 2651 803 2731 salutaris,
832 2651 969 2712 ludioent
996 2653 1063 2730 elii,
1094 2673 1197 2714 meum
1222 2661 1277 2729 eet·

344 2737 443 2798 solum
465 2736 651 2816 disputative
673 2734 786 2814 disere,
809 2735 929 2796 seilioet
945 2735 1093 2815 quodsit
1104 2739 1276 2816 pessimus,
1388 2787 1389 2834 ,

344 2821 514 2899 meliusque
536 2838 615 2916 ease,
639 2820 665 2877 si
687 2816 755 2897 qula
777 2819 899 2878 etiam
891 2839 921 2878 rn
946 2819 1001 2879 die
1018 2819 1157 2879 Ριιιιιιι
1179 2821 1266 2880 omit

343 2910 389 2963 tat
408 2904 669 3000 communionem,
689 2903 865 2998 priusquam
889 2899 973 2962 omni
995 2901 1089 2964 modo
1108 2891 1266 2965 satisleed·

343 2987 384 3046 rit
402 3004 436 3046 re
457 2989 535 3066 ipsa,
557 2994 589 3046 et
607 2987 638 3045 in
662 2986 782 3065 effeobr,
806 2981 884 3046 siout
905 2985 987 3046 olim
994 2985 1104 3047 nebat.
1148 3003 1161 3026 ··

624 3122 719 3184 Addit
739 3122 810 3185 huie
832 3083 1004 3188 ΟιιιιιιοεΙ
1075 3099 1078 3108 1

398 3240 482 3300 Eo.
500 3239 596 3314 Quod
616 3243 641 3300 ιι
664 3240 872 3320 obturaverit,
904 3243 966 3300 iarn
998 3240 1085 3299 nulle
1112 3257 1217 3319 poena
1238 3240 1267 3299 vi

345 3269 477 3385 olavium
499 3324 711 3402 remitteretur,
734 3325 818 3405 quod
833 3325 973 3448 dignitati
990 3325 1175 3384 sacramenti
1191 3341 1266 3402 poe·

343 3408 493 3469 nitentiae
511 3415 672 3488 repugnat.
789 3426 791 3433 ’
867 3459 870 3466 .
986 3438 988 3446 v

427 3491 516 3552 Luth.
527 3491 595 3552 llos
607 3492 680 3570 quid
695 3494 744 3570 sit,
757 3495 868 3552 iterum
879 3506 944 3551 non
954 3491 1058 3570 euple,
1078 3507 1138 3550 neu
1147 3503 1268 3567 mirum

344 3577 465 3635 veniam
479 3577 559 3635 enim
576 3589 705 3654 mereor,
720 3575 802 3654 qnod
816 3590 882 3636 non
892 3575 992 3635 claros
1006 3579 1038 3633 et
1050 3571 1239 3632 luoidost
1188 3579 1268 3632 aste-

343 3660 450 3738 riscos,
462 3659 542 3718 sedi
540 3660 729 3740 errngineos,
746 3679 766 3718 n
765 3660 870 3739 ignes,
880 3658 1076 3736 tenebrisque
1092 3656 1267 3717 simillimos

345 3760 442 3822 cogor
455 3742 609 3802 obeliscos
624 3743 735 3823 legere
775 3741 991 3802 Divinnndum·
999 3747 1048 3800 est
1063 3749 1149 3820 ergo
1158 3747 1191 3799 et
1206 3739 1273 3800 hou

344 3823 840 3920 loeo,snilioet,viderillonionost
841 3824 995 3886 ronullam
1005 3823 1268 3919 posnamremitti,

343 3909 402 3965 nisi
395 3907 644 3983 'divinaipstitia
657 3911 710 3986 (ut
724 3915 853 3984 vocant)
868 3904 1105 3982 iptliqtamrremi
1107 3908 1141 3977 ιιι
1157 3923 1268 3966 conoe·

346 3987 425 4066 dam,
443 3989 592 4067 siquidem
604 4009 739 4051 oenones
753 3991 893 4072 abrogati
906 3997 978 4052 sunt
989 4009 1056 4050 oum
1069 3992 1134 4050 suis
1146 3991 1268 4070 poeuis
