3075 4750
338 474 398 540 142
651 476 800 550 Sermones
819 475 930 540 Luthsri

219 621 224 694 Ῐ
338 647 457 727 (idest
484 648 575 723 vitia)
606 666 662 726 per
694 646 830 727 gladium
859 645 945 708 verbi
972 646 1039 707 Dei.
1082 645 1144 708 Sed
1175 665 1258 710 nunc

335 730 374 792 ad
385 732 589 810 propositum,
612 736 646 791 ut
658 728 800 791 liniamus
816 731 876 790 hoc
886 737 1030 818 ¹quartum
1046 737 1257 810 praeceptum.

721 983 867 1077 Sermo

507 1180 514 1192 “
544 1180 594 1242 die
616 1179 646 1242 S.
669 1180 831 1261 Andreae,
853 1199 880 1246 a.
904 1181 1045 1260 1516*).

416 1347 542 1408 Relictis
558 1347 673 1406 retibus
689 1353 720 1407 et
742 1349 814 1406 navi
837 1347 934 1407 secuti
956 1351 1028 1406 sunt
1045 1365 1125 1424 euru,
1148 1347 1212 1406 Mat
1215 1347 1256 1407 ιιι.

333 1431 362 1491 4
389 1429 512 1492 Nont
500 1437 617 1490 tantum
640 1431 771 1508 retibus,
805 1430 860 1492 sed
882 1436 913 1489 et
933 1429 1073 1490 navibus.
1115 1429 1174 1489 Hic
1206 1435 1257 1506 [ut

332 1513 366 1572 B.
380 1513 572 1593 Gregorius
565 1534 594 1572 ιιι
612 1513 758 1589 homilia)
784 1513 871 1572 dicet
880 1512 1000 1591 aliquis,
1023 1511 1177 1573 modicum
1202 1532 1256 1573 eos

331 1596 509 1676 reliquisse3
539 1616 644 1656 verum
666 1595 697 1655 id
721 1596 828 1655 dicunt
849 1596 894 1675 hi,
926 1596 978 1674 qui
1000 1594 1172 1655 nondumt
1160 1587 1256 1655 tentri-

331 1686 450 1758 verunt,
472 1699 509 1738 an
534 1681 625 1739 etiarn
649 1698 742 1737 unum
764 1677 914 1738 florenum
936 1678 1110 1757 relinquere
1123 1685 1255 1759 possrn

331 1761 440 1821 Parnm
471 1763 528 1821 suit
555 1761 677 1840 quidem
707 1761 880 1840 relinquere
907 1779 1018 1820 navem
1049 1766 1081 1820 et
1100 1763 1193 1841 retia,
1231 1763 1255 1820 si

331 1838 409 1904 haec
431 1845 530 1903 solum
552 1845 762 1923 reliquissent,
736 1844 840 1904 tsed
864 1845 969 1923 quiat
970 1851 1039 1903 otus
1063 1863 1168 1904 eorum
1193 1845 1255 1904 vic-

331 1933 379 1986 tus
402 1935 433 1987 et
454 1928 612 2007 negotium
636 1934 718 2006 erat,
742 1933 847 2006 tque
870 1933 900 1986 ι
922 1946 1009 1986 usum
1033 1945 1139 1986 eorum
1164 1927 1254 1986 simul

331 2010 527 2089 reliquerunt.
571 2009 646 2084 Quis
679 2011 796 2088 nescit,
826 2009 973 2089 quodet
961 2009 1135 2070 tvenditor
1157 2011 1254 2087 navis,

330 2095 392 2153 imo
425 2094 493 2172 ipse
525 2094 662 2173 piscator
687 2094 790 2152 navim
823 2113 908 2152 ιιιιιιι
939 2111 1008 2153 ιιιο
1036 2093 1182 2171 relinquit
1203 2101 1255 2152 aut

330 2175 417 2235 linito
441 2195 550 2257 opere,
586 2175 640 2236 sed
661 2196 749 2235 usum
774 2182 805 2236 et
826 2175 969 2236 affectum
992 2175 1056 2235 eius
1078 2193 1141 2235 non
1164 2177 1253 2236 relin-

332 2260 406 2337 quit.
449 2259 510 2319 aed
525 2279 607 2319 nunc
624 2261 764 2338 mystice,
794 2258 878 2339 quod
899 2259 929 2318 in
951 2259 1012 2318 isto
1037 2259 1202 2340 evangelio
1225 2267 1255 2319 et

331 2342 463 2422 epistola
485 2342 629 2404 simult
598 2350 629 2404 et
650 2341 783 2426 legenda
805 2340 1001 2403 commendat
989 2341 1088 2405 t.an
1111 2341 1253 2404 Andreas

330 2426 369 2485 de
390 2427 537 2507 singulari
559 2426 671 2486 affectu
694 2445 749 2486 suo
772 2426 812 2485 ad
835 2444 965 2486 erucem.
1009 2426 1095 2485 Licet
1083 2427 1188 2485 tanim
1212 2426 1253 2485 le-

330 2508 433 2606 genda
453 2511 491 2569 sit
514 2509 702 2591 apocrypha,
725 2517 827 2569 tamen
851 2508 943 2588 digne
966 2507 1004 2567 de
1027 2508 1057 2568 S.
1072 2526 1162 2567 cruce
1176 2514 1253 2569 t-rac

252 2621 256 2628 ·
330 2600 390 2670 tat,
417 2594 479 2652 imo
508 2611 683 2671 speramus,
715 2591 797 2671 quod
829 2610 891 2652 non
923 2592 962 2651 sit
950 2590 1070 2651 tmala
1093 2591 1252 2652 conclusio

329 2640 390 2753 ριιι
410 2675 499 2734 trium
521 2678 649 2735 istorum
673 2639 763 2734 simul
786 2674 1012 2734 declaratione.
1035 2673 1117 2733 Crux
1139 2674 1253 2735 Christi

331 2757 474 2817 estnihil
498 2758 581 2817 aliud
604 2758 662 2817 nisi
686 2759 790 2817 omnia
810 2757 999 2836 relinquere,
1029 2764 1072 2816 et
1081 2774 1137 2836 per
1160 2756 1252 2817 fidem

330 2840 431 2899 cordis
454 2841 575 2900 Christo
598 2841 657 2901 soli
679 2840 863 2901 adhaerere:
887 2840 937 2899 vel
961 2841 1014 2916 sic,
1038 2841 1141 2899 omnia
1162 2841 1252 2899 relin-

331 2930 478 3002 quereet
467 2909 635 2995 ιι,ιιιιιι
655 2924 786 2983 ιιοιι
738 2929 786 2983 ιιι
807 2942 927 2983 erucem
942 2922 1051 2983 Christ'
1031 2929 1053 2982 ιι
1070 2922 1158 2983 ferre.
1201 2923 1253 2985 Sic

329 3007 490 3085 apostolus
513 3007 552 3065 ad
575 2972 643 3067 Gal
666 3009 700 3068 2.
733 3005 854 3067 Christo
879 3003 1041 3066 crucifixus
1064 3024 1146 3085 sum,
1178 3008 1283 3067 vivo.

328 3096 431 3149 tamen
454 3110 517 3150 non
540 3110 615 3170 ego,
645 3091 719 3149 vivit
739 3108 814 3149 vero
837 3090 868 3148 in
898 3108 947 3149 rna
970 3088 1118 3149 Christus
1161 3088 1252 3150 Unde

329 3172 519 3251 notandum,
554 3173 635 3252 quod
658 3174 738 3234 retia
760 3171 940 3253 significant,
956 3172 1060 3231 omnia
1080 3171 1148 3250 illa,
1176 3192 1251 3251 quo-

328 3275 394 3313 rum
417 3263 682 3335 usu,quaeruntur
713 3256 811 3333 bona,
844 3256 930 3313 navis
963 3261 1065 3314 autem
1100 3254 1252 3335 significat

327 3339 426 3418 ipsam
449 3342 598 3419 animam,
626 3338 854 3419 receptaculum
877 3338 998 3397 illorum
1022 3339 1173 3414 omniurn,
1197 3358 1250 3399 seu

328 3421 470 3483 affectum
494 3430 525 3483 ιι
548 3442 610 3483 eor.
654 3422 732 3483 Sunt
752 3440 827 3501 ergo
850 3420 1250 3481 retiauniversaesubstan-

328 3507 390 3566 tiae
413 3512 444 3565 et
464 3513 555 3583 artes,
579 3505 688 3585 quibus
711 3511 897 3583 quaeruntur
918 3504 1016 3582 lucra,
1039 3502 1174 3583 divitiae,
1197 3523 1250 3564 vo-

287 3636 290 3640 ,
327 3589 470 3669 luptates,
493 3590 638 3665 honores,
661 3588 836 3669 dignitates.
880 3586 918 3646 lli
940 3588 1022 3646 enim
1044 3593 1115 3646 sunt
1135 3586 1250 3647 fructus

325 3673 500 3751 piscaturae
530 3670 706 3751 hominum,
735 3670 764 3731 h.
795 3689 821 3729 e.
849 3671 1111 3750 negotiationum,
1140 3670 1249 3749 quibus

364 3891 395 3956 ¹¹)
418 3890 559 3943 loescher.
580 3890 605 3954 1,
625 3890 677 3942 757
696 3903 755 3962 sqq.
795 3886 899 3939 Waleh.
921 3885 1152 3954 xl1,2278sqq.
