3075 4750
392 1386 396 1390 .
426 1246 546 1342 Duae
575 1241 669 1342 ioh.
699 1243 883 1342 Totuelii
910 1242 1232 1368 disputationes

404 1443 539 1510 Lutheri
566 1444 744 1510 sententiae
773 1443 814 1508 de
835 1443 1043 1532 indulgentiis
1065 1447 1246 1532 oppositae.

780 1615 871 1678 1517.

719 1776 930 1795 ψ

466 1971 543 2061 Joh.
566 1998 731 2078 Tenedus,
754 2019 847 2079 quum
867 2001 1100 2080 propositiones
1121 2001 1289 2064 aLnthero

363 2083 509 2146 adversus
540 2083 748 2164 indulgentias
782 2083 880 2143 editas
904 2100 1004 2162 aequo
1026 2085 1132 2144 animo
1154 2086 1291 2164 perferre

365 2184 426 2228 non
450 2174 566 2248 posset,
588 2166 635 2225 his
657 2167 734 2226 ahos
757 2185 917 2246 opponere
939 2167 970 2225 in
994 2167 1129 2226 animum
1151 2167 1292 2246 indnx113

230 2285 240 2312 ι
363 2269 455 2330 quum
477 2267 552 2310 vero
574 2249 641 2329 ipse
662 2249 816 2309 indoctior
839 2266 896 2308 nec
917 2249 1170 2330 latinaelinguac
1184 2251 1291 2312 admo·

362 2333 434 2395 dum
468 2349 581 2416 gnarus
610 2339 707 2411 esset,
741 2348 829 2392 suurn
860 2331 1015 2411 quondam
1043 2340 1292 2414 praeceptorem,

363 2419 399 2480 D.
422 2415 598 2479 conradum
623 2417 826 2495 Wimpiuam,
864 2418 915 2495 qui
936 2416 1128 2476 F'ranoofnrti
1156 2417 1198 2477 ad
1220 2418 1292 2479 via-

363 2500 451 2561 drum
474 2499 692 2561 scholasticam
715 2498 906 2577 theologiam
929 2498 1071 2577 docebat,
1092 2509 1230 2580 rogasse
1250 2502 1291 2561 di-

363 2585 461 2661 citur,
482 2588 517 2643 nt
538 2600 591 2642 eas
615 2580 790 2642 conficeret.
833 2580 947 2640 Earum
970 2580 1062 2642 etiam
1083 2579 1292 2662 opeFrauco-

363 2666 433 2726 furti
456 2664 494 2726 ad
517 2662 666 2725 Viadrum
688 2664 850 2724 licentiati
884 2671 977 2743 atque
1003 2663 1146 2725 Doctoms
1169 2664 1292 2728 theolo-

362 2751 432 2831 giae
454 2746 589 2809 honores
613 2746 670 2807 sibi
693 2764 874 2827 comparare
897 2746 1048 2827 cupiebat.
1091 2746 1289 2811 DuasWim-

361 2833 435 2912 pina
465 2832 497 2890 in
526 2831 591 2889 eius
625 2830 821 2890 commodum
850 2831 1025 2908 composuit
1052 2828 1291 2911 disputationes,

362 2929 489 2993 quarum
512 2913 614 2993 priore
635 2912 820 2993 Tetuellum,
856 2912 905 2991 qui
935 2913 997 2971 ism
1020 2911 1203 2993 theologiae
1224 2923 1292 2976 erat

361 2996 580 3057 baccalaureus
601 2993 764 3073 formatus,
786 2994 1007 3072 adLiceutiati,
1030 2995 1127 3055 altera
1148 2996 1189 3057 ad
1209 2998 1302 3059 Doc*

361 3080 437 3139 toris
467 3078 617 3140 honorem
641 3078 866 3159 capessendum
888 3096 976 3137 usum
1000 3094 1147 3139 essenon
1161 3077 1290 3142 dubium

361 3167 409 3221 est
439 3162 494 3239 (cf.
518 3160 683 3221 Loesoheri
713 3162 848 3222 Reform.
872 3162 939 3220 Act.
962 3160 1003 3239 11,
1038 3164 1078 3225 10
1098 3162 1198 3240 δρψ).
1242 3163 1289 3223 De

362 3243 497 3305 thesibus
529 3243 750 3324 posterioribus
780 3261 965 3323 quamquam
988 3238 1039 3303 die
1059 3242 1184 3310 demum
1207 3246 1288 3307 viee

360 3328 438 3389 simo
461 3326 763 3387 mansiolauuariia.
790 3328 870 3391 1518
892 3326 1079 3405 disputatum
1102 3333 1160 3405 est,
1182 3333 1287 3389 tamen

359 3410 419 3469 hae
449 3410 529 3470 duae
557 3409 783 3488 disputationes
811 3411 872 3468 iam
900 3428 984 3469 suno
1010 3412 1088 3473 1517
1111 3411 1195 3490 typis
1219 3419 1290 3471 sunt

360 3510 494 3553 excusae
513 3498 545 3552 et
564 3493 596 3550 in
619 3492 718 3551 lucem
743 3491 854 3552 editae.
867 3491 1056 3571 Wimpiuam
1076 3492 1205 3553 istamm
1218 3513 1287 3574 prro

359 3576 548 3653 positionum
577 3580 734 3634 auctorem
764 3574 875 3656 fuisse,
908 3574 1057 3635 Lot-herus
1081 3576 1202 3655 ipsein
1226 3576 1287 3657 epi·
1370 3593 1371 3604 ¹

248 3658 253 3664 “
360 3656 440 3717 stola
462 3658 500 3717 ad
523 3656 720 3737 Jo.Lengum
743 3656 816 3719 data
838 3656 885 3716 bis
907 3656 1010 3718 verbis
1030 3656 1161 3717 indicat:
1183 3658 1285 3736 „Doc-
1316 3701 1324 3713 ·

359 3746 408 3798 tor
431 3738 591 3801 Comedus
614 3736 780 3819 Vuimpina
807 3738 845 3800 ab
878 3740 1021 3801 omnibus
1044 3740 1194 3801 clamatur
1216 3762 1285 3803 auo·

359 3829 407 3882 tor
434 3822 552 3883 illerum
582 3824 786 3903 positionum,
815 3828 982 3882 etcertum
1004 3819 1105 3883 habeo
1127 3824 1172 3884 ita
1195 3829 1285 3885 esse“

361 3904 466 3978 (Luth.
488 3905 566 3986 llpp.
590 3906 638 3966 ed.
652 3906 747 3966 Auris.
768 3906 792 3981 l,
813 3925 843 3986 p.
866 3908 917 3972 ed.
940 3905 979 3967 de
993 3906 1098 3967 Wette
1119 3906 1142 3968 1.
1165 3927 1196 3987 p.
1220 3911 1286 3985 99).

357 3986 460 4048 Etiam
480 3990 512 4049 in
535 3988 771 4051 collectionibus
782 3986 965 4052 lenensibus
981 3997 1013 4052 et
1023 3990 1287 4074 Wittcmbergeu·
