3075 4750
346 505 410 575 242
660 509 793 577 Quaestio
811 509 846 565 de
863 511 966 565 motus

348 670 469 743 nonem
486 680 691 761 iniquitatum.
724 675 801 741 Mira
820 675 975 742 sententia
994 696 1053 741 nec
1069 685 1179 761 potest·
1187 680 1267 742 solvi
1377 656 1378 723 ἶ

349 764 508 846 perillam
529 763 653 824 stultam
675 770 707 824 et
727 764 884 825 carnalem
905 764 1051 845 glossam,
1074 764 1158 843 qnod
1180 782 1267 824 seno

348 856 397 908 tus
420 846 459 907 de
480 848 615 928 peccatis
637 852 713 926 erat,
734 848 806 926 quia
825 846 978 927 propheta
998 867 1062 912 non
1084 846 1124 909 de
1145 866 1190 927 se,
1213 846 1268 909 sed

349 930 473 1009 dehis,
505 948 582 1011 quos
604 927 729 991 videbat
749 928 959 991 sanctificatos
979 930 1175 1009 dimissisque
1196 949 1268 1011 pec-

348 1009 424 1074 catis
452 1032 572 1074 eorum:
602 1019 726 1073 sanctos
755 1014 837 1073 enim
866 1012 940 1073 dicit
967 1030 1022 1075 eos
1049 1012 1182 1075 evadere
1212 1032 1270 1095 per

349 1095 574 1175 dimissioncm3
595 1096 653 1155 nisi
675 1095 754 1156 forte
776 1095 929 1176 propheta
949 1096 1000 1156 vei
1017 1097 1197 1157 mentiretrir
1218 1096 1270 1157 'vel
1337 1108 1347 1123 '

349 1177 538 1259 adularetur,
567 1178 728 1259 appellans
756 1198 812 1240 eos
835 1180 974 1261 sanctos,
1002 1162 1113 1259 ipnibus
1136 1195 1200 1240 non
1224 1198 1271 1241 es-
1377 1240 1378 1243 ,

350 1267 419 1322 sent
438 1269 568 1343 peccate
587 1262 723 1324 remissa.
758 1260 819 1323 Sed
844 1269 917 1340 tum,
939 1268 972 1322 ut
993 1264 1196 1342 remittantur,
1218 1262 1271 1323 vel
1373 1280 1378 1337 ῃ

349 1342 389 1405 ad
409 1346 622 1405 remissionem
650 1352 846 1425 peccatorum
879 1347 983 1426 ntique
1006 1344 1108 1407 dicere
1130 1342 1270 1406 deberet.
1377 1380 1378 1389 κ

348 1426 443 1509 igitur
454 1428 533 1489 haec
543 1434 590 1489 est
602 1426 779 1488 dulcissima
789 1428 846 1489 Dei
863 1427 1081 1507 misericordia,
1102 1428 1186 1507 quod
1205 1447 1270 1490 non
1377 1444 1378 1447 ’

348 1508 455 1589 fictos,
484 1509 539 1571 sed
564 1530 656 1571 veros
683 1519 866 1591 pensatores
890 1511 1004 1595 salvat,
1033 1512 1189 1571 sustinens
1211 1530 1270 1572 nos
1377 1518 1378 1559 i

348 1596 380 1654 in
408 1594 543 1674 peccatis
572 1594 700 1672 nostris,
739 1601 771 1655 et
796 1602 961 1675 acceptans
994 1612 1089 1675 opera
1116 1601 1148 1655 et
1174 1594 1270 1655 vitam
1343 1638 1353 1649 e

349 1686 486 1737 nostram
515 1678 598 1738 omni
626 1676 803 1757 abjectione
823 1674 961 1759 dignam,
989 1676 1091 1738 donec
1117 1696 1175 1737 nos
1202 1696 1271 1759 per·
1377 1694 1378 1697 ’

348 1759 432 1821 ficiat
452 1766 545 1840 atque
575 1766 780 1821 consummet:
809 1760 930 1821 interim
959 1759 990 1820 in
1021 1762 1217 1841 protectione
1241 1767 1272 1821 et
1377 1790 1378 1797 κ

349 1843 456 1904 umbra
478 1845 542 1903 eius
563 1843 693 1902 vivimus
716 1851 747 1903 et
767 1842 912 1903 iudicium
935 1844 1000 1904 eius
1020 1842 1192 1925 effugimus,
1215 1862 1272 1925 per
1377 1916 1378 1923 ἵ

350 1922 591 1986 misericordiam
613 1927 678 1985 eius
701 1932 732 1986 et
751 1945 809 2006 per
829 1928 975 1997 iustitiam
996 1926 1190 2002 nostram.*)
1377 1984 1378 1989 ,

431 2008 598 2069 Facessant
619 2009 710 2089 igitur
731 2017 912 2089 argumenta
932 2010 1056 2069 humani
1078 2009 1152 2069 fuci:
1177 2010 1270 2071 ‘Unus
1377 2026 1378 2079 ζ

350 2100 382 2152 et
407 2090 488 2151 idem
517 2098 603 2153 nctus
630 2110 694 2151 non
724 2100 827 2171 potest
857 2113 926 2153 esse
948 2090 1016 2153 Deo
1039 2099 1217 2172 acceptatus
1241 2098 1272 2153 et
1377 2138 1378 2145 κ

349 2192 412 2235 non
442 2180 664 2255 acceptatus'a
689 2174 776 2254 Deo,
809 2176 945 2255 sequitur
980 2176 1077 2255 enim,
1115 2173 1198 2255 quod
1232 2176 1272 2236 sit
1377 2246 1378 2251 η

348 2258 446 2319 bonus
469 2265 500 2318 et
521 2273 585 2319 non
607 2256 716 2319 bonus.
757 2256 961 2339 Respondeo,
993 2258 1075 2337 quod
1102 2272 1184 2338 non,
1212 2276 1272 2318 nec

349 2347 453 2422 potest
474 2341 564 2402 simul
576 2340 669 2403 homo
684 2344 792 2403 timere
809 2340 952 2404 iudicium
971 2348 1002 2403 et
1018 2360 1142 2424 sperare
1154 2342 1271 2402 miseri-
1377 2379 1378 2390 κ

350 2425 497 2487 cordiam.
539 2425 616 2486 Dico
637 2425 738 2506 igitur,
760 2425 843 2504 qnod
866 2427 965 2487 omnis
992 2434 1078 2486 actus
1100 2425 1200 2488 bonus
1224 2431 1273 2486 est
1377 2449 1378 2508 p

305 2517 312 2530 ⁴
348 2515 543 2588 acceptatus,
571 2514 603 2568 ct
623 2527 686 2568 non
708 2516 903 2589 acceptatns,
934 2511 965 2570 et
986 2511 1114 2586 'econtra
1136 2515 1270 2569 estnon
1377 2541 1378 2580 ᾖ

349 2582 526 2673 acceptatis
558 2598 590 2655 st
626 2591 694 2652 Deo
727 2599 922 2672 acceptamus,
961 2593 1013 2672 qui
1047 2593 1182 2672 ignoscit
1213 2611 1272 2671 per

348 2674 602 2758 misericordiam,
642 2673 725 2753 quod
751 2676 865 2751 ¹minus
896 2676 1111 2755 acceptatione
1144 2673 1273 2756 dignum
1377 2691 1378 2740 j

349 2764 405 2821 est.
448 2757 527 2828 Ideo,
550 2763 653 2816 autem
681 2764 729 2818 est
749 2756 816 2818 Deo
846 2778 909 2819 non
931 2763 1107 2840 acceptatus
1128 2757 1179 2824 vel
1200 2777 1272 2838 pec·

349 2847 450 2902 catum
481 2841 513 2900 in
543 2840 689 2918 quantum
717 2859 756 2900 ex
779 2841 878 2902 carnis
907 2841 1024 2902 malitia
1043 2833 1174 2902 factum:
1214 2839 1273 2922 sed
1377 2883 1378 2918 5

349 2925 442 2992 ctiam
462 2923 523 2982 hoc
544 2921 627 2983 Deus
649 2923 782 3004 ignoscit
801 2925 832 2984 in
854 2924 915 2986 hoc
931 2931 1086 3006 tempore,
1120 2932 1150 2984 et
1170 2925 1271 3003 requi·

347 3007 387 3066 rit
408 3007 516 3066 tamin
536 3001 607 3086 hoc,
627 3022 717 3085 quam
739 3008 771 3066 in
793 3005 894 3068 futuro
917 3011 1066 3088 tempore.
1094 3007 1166 3067 Non
1188 3007 1272 3067 enim

349 3089 498 3150 catulino
519 3092 632 3167 actns‚'
645 3106 736 3168 quem
758 3090 841 3152 Deus
863 3089 1005 3172 acceptet
1026 3090 1187 3150 simulate!
1210 3091 1272 3151 ista

348 3173 432 3233 enim
452 3173 579 3232 nomina
596 3191 636 3232 ex
649 3172 784 3233 humano
807 3173 900 3235 corde
921 3173 1089 3252 ficta-sunt3
1111 3173 1165 3234 sed
1185 3175 1273 3234 omni

349 3256 431 3316 actui
450 3262 560 3323 nostro
581 3256 717 3336 ignoscit
737 3262 769 3316 et
789 3258 896 3338 parcit.
949 3258 995 3318 illi
1021 3262 1123 3317 sutem
1145 3275 1273 3336 praesu-

348 3346 449 3418 munt,
479 3337 561 3417 quo'd
584 3338 770 3417 citationis,
804 3356 895 3418 quem
918 3348 1059 3420 acceptat
1079 3340 1146 3399 sine
1165 3329 1273 3419 ignos-

348 3424 465 3498 centia,
493 3420 577 3501 qaod
604 3428 652 3481 est
679 3422 798 3499 falsum.
847 3422 977 3498 Quando
1005 3424 1098 3507 igitur
1122 3423 1273 3502 mouscin,
1377 3455 1378 3464 κ

348 3522 410 3566 non
443 3503 536 3566 debet
564 3511 740 3590 acceptare,
769 3525 828 3566 nec
856 3512 999 3588 acceptat
1025 3505 1273 3566 misericordiam

348 3606 434 3648 snam
460 3589 492 3646 in
521 3585 665 3668 operibns
687 3589 815 3669 nostris,
839 3589 900 3650 hoc
921 3597 969 3651 est
988 3591 1136 3649 iustitiam
1157 3587 1273 3650 Christi

347 3690 403 3751 pro
431 3670 538 3732 nobis:
574 3672 641 3751 ipse
671 3672 752 3731 enim
776 3680 823 3734 est
844 3674 1090 3754 propitiatorium
1117 3672 1192 3750 Dei,
1219 3673 1273 3752 qui

348 3767 445 3835 opera
471 3760 595 3824 nostra
611 3762 741 3815 excusat
772 3763 803 3816 et
827 3757 1024 3838 ignoscibilis
1049 3755 1133 3818 facit.
1161 3755 1223 3816 -ita
1242 3761 1274 3816 et

402 3926 433 3989 ⁶)
456 3924 566 3976 Scilicet
582 3926 755 3992 imputatam.
786 3923 827 3976 En
844 3927 987 3995 egregium
1008 3921 1189 3992 evangelicae
1206 3921 1273 3978 doc·
1377 3935 1378 3944 ¹

346 3997 436 4048 trinas
453 3994 637 4065 praetutium.
914 4027 918 4034 ·
