3075 4750
338 472 401 541 412
739 474 873 529 Meci
943 500 947 522 ·
984 460 989 465 ⁵

338 646 383 709 tio
406 644 551 727 principii
573 644 680 707 vitium
695 651 742 705 est
763 643 980 724 disputationis
993 662 1049 705 seu
1070 650 1262 725 argumenta·

340 730 443 793 tionis.
486 727 654 809 Sperabam
677 729 768 803 anim,
790 727 872 807 quod
895 747 935 790 cx
956 726 1072 806 bibliis,
1095 729 1146 791 vel
1169 728 1264 789 ecels-
1299 792 1303 801 ,

322 813 473 875 -siasticis
494 812 650 889 Patribus,
683 817 737 873 aut
757 810 926 873 canombus
948 817 1057 873 contre
1078 830 1129 871 me
1149 832 1264 891 pugna-

339 903 403 975 ret,
439 902 473 955 at
492 897 561 975 ipse
583 894 712 957 furfures
748 899 780 953 et
798 894 926 973 siliquas
965 894 1066 973 Scoti,
1102 894 1265 973 Gabrielis,

338 986 571 1057 ceterorumque
593 977 855 1039 Scholasticorum
887 977 1013 1058 (quibus
1047 985 1095 1039 est
1125 985 1265 1040 ventrem

339 1062 571 1137 refertissimus]
601 1060 675 1124 mihi
703 1079 785 1120 nunc
814 1060 937 1121 demum
965 1063 1091 1140 neganti
1124 1063 1265 1141 opponit.

339 1145 400 1207 Sed
422 1143 580 1205 audiamus
602 1150 715 1221 tamen,
737 1143 895 1222 quomodo
907 1143 1002 1205 homo
1018 1146 1191 1207 rhetoricus
1206 1145 1266 1205 dis-

340 1228 489 1289 simulans
502 1246 683 1308 oppugnare
696 1227 827 1307 primam
848 1227 1079 1289 conclusionem
1101 1228 1199 1289 nihilo
1214 1229 1267 1288 mi·

338 1331 395 1371 uus
417 1316 521 1371 tamen
540 1316 709 1390 oppugnat.
740 1310 824 1371 Dicit
845 1311 945 1372 enim:

420 1393 475 1453 Ec.
498 1392 574 1455 Cum
589 1394 670 1453 enim
685 1412 813 1472 regnum
830 1393 987 1455 coelorum
995 1394 1025 1456 in
1042 1393 1143 1455 verbis
1156 1393 1268 1455 Christi

338 1483 532 1557 praesentem
555 1474 729 1556 significare
751 1475 891 1543 videatur
918 1476 1099 1554 ecclesiam,
1132 1496 1171 1537 ac
1192 1484 1268 1537 tem
1379 1494 1380 1531 1

341 1579 397 1639 pus
418 1558 617 1639 planitudinis
639 1559 936 1639 evangelicastune
958 1560 1170 1637 adventantis,
1203 1580 1267 1621 non

340 1642 473 1721 videtur,
505 1641 663 1721 quomodo
695 1643 887 1721 poenitentia
909 1644 1046 1705 omniurn
1067 1641 1205 1703 fidelium
1228 1645 1269 1702 vi-

338 1733 402 1788 tam
424 1727 582 1806 exprimat.

423 1808 511 1870 Luth.
533 1808 602 1869 Hoc
623 1813 671 1869 cst
691 1807 926 1886 scholasticum,
964 1808 996 1871 id
1020 1816 1084 1887 est,
1116 1808 1269 1869 ludicrum

341 1897 372 1952 et
393 1894 543 1971 seipsum
564 1890 697 1951 illudens
719 1898 943 1971 argumentum.
966 1891 1055 1951 Hanc
1076 1911 1270 1971 consequen·

339 1976 411 2035 tiam
435 1993 474 2033 an
496 1994 535 2033 ex
556 1973 661 2054 logica
680 1975 810 2035 rationis
831 1974 883 2035 vel
904 1974 1008 2056 logica
1029 1972 1101 2035 fidei
1116 1975 1269 2055 didicerit,

339 2058 456 2134 nescio,
478 2056 631 2133 videlicet,
653 2058 725 2134 quia
753 2075 835 2117 nunc
864 2064 912 2117 ast
936 2077 1064 2139 regnum
1097 2058 1269 2132 coelorum,

341 2160 415 2221 ergo
438 2159 501 2201 non
525 2140 624 2200 omnis
647 2140 712 2199 vita
729 2138 868 2201 fidelium
885 2146 933 2203 est
953 2142 1156 2222 poenitentia,
1181 2144 1270 2221 quasi

303 2253 308 2270 ·
338 2223 418 2284 ullus
441 2224 481 2283 sit
500 2223 660 2283 hominum
691 2224 722 2282 in
743 2224 805 2283 isto
828 2242 946 2302 regno,
984 2226 1119 2301 quinon
1142 2225 1270 2287 assidue

342 2313 466 2385 peccet,
488 2325 527 2367 ac
547 2307 593 2366 sic
614 2324 678 2365 non
692 2306 1020 2386 assiduepoenitentia
1042 2326 1120 2389 opus
1143 2307 1268 2371 habeat.

339 2388 387 2452 De
408 2391 467 2451 hac
489 2391 571 2451 enim
605 2391 798 2469 poenitentia
820 2410 868 2452 me
890 2385 974 2469 loqui
1012 2409 1145 2470 sequens
1174 2391 1271 2454 docet

340 2475 511 2536 conclusio.
533 2473 645 2532 Eccius
668 2492 741 2532 vero
764 2472 803 2533 de
823 2474 1039 2536 sacramentali
1060 2475 1110 2534 vel
1135 2475 1270 2536 solemni

341 2558 419 2619 forte
441 2557 559 2618 fabulas
578 2557 651 2636 agit
672 2555 787 2616 Dicere
806 2563 919 2634 autem,
942 2573 1010 2616 esse
1033 2556 1191 2620 hominem
1216 2559 1289 2621 ali--

340 2641 464 2720 quando
494 2640 561 2700 sine
592 2644 720 2714 peceato
738 2645 776 2699 st
803 2639 848 2698 sic
879 2659 943 2701 non
973 2658 1065 2720 egere
1093 2641 1271 2720 penitentia

343 2724 434 2796 (licet
446 2721 477 2783 id
493 2723 529 2784 Β.
540 2722 757 2782 Bonavsnturs
779 2721 945 2800 aliqnando
961 2722 1067 2802 lapsus
1080 2723 1287 2802 scripserim>

341 2807 380 2868 ad
402 2813 519 2886 partem
548 2805 666 2864 Donati
695 2804 843 2866 haeretici
863 2805 897 2866 B.
918 2804 1110 2885 Augustinus
1138 2808 1171 2866 in
1193 2807 1270 2868 mul-

341 2890 380 2950 tis
418 2889 495 2950 locis
527 2887 602 2948 dicit
637 2889 805 2966 pertinere,
840 2889 915 2966 quin
948 2889 1172 2966 poenitentiam
1206 2909 1270 2952 non

249 3020 252 3028 ,
342 2977 438 3051 agunt
458 2972 518 3030 nisi
539 2970 658 3030 fideles.
700 2970 761 3030 Sed
785 2971 894 3031 omitto
918 2971 979 3030 illa.
1016 2971 1099 3032 lnfra
1119 2973 1228 3034 latius:

422 3054 478 3114 Ec.
509 3053 552 3114 Ar
577 3052 649 3114 huic
675 3054 788 3114 similia
817 3053 959 3117 nolumus
981 3057 1143 3134 prosequi,
1168 3056 1269 3118 solum

342 3137 504 3199 subitanso
538 3142 639 3213 motu,
669 3138 736 3197 sine
763 3136 910 3199 librorum
937 3137 1140 3213 adminiculo,
1170 3158 1272 3218 pauca

342 3219 573 3291 adnotabimus,
596 3224 627 3278 et
648 3226 682 3279 ut
702 3219 764 3281 dici
786 3220 867 3280 solet
889 3219 1025 3290 obelisco
1049 3220 1250 3301 signabimus.

422 3302 511 3364 Luth.
555 3299 654 3375 Quam
683 3322 831 3382 arrogans
862 3304 976 3384 ingenii
997 3305 1183 3382 ostentatio,
1214 3304 1269 3365 sed

342 3387 393 3448 ubi
408 3387 499 3448 fuerit
513 3384 660 3447 librorum
682 3387 772 3466 copia
794 3387 960 3446 instructus
983 3393 1014 3450 et
1037 3405 1161 3450 morose
1182 3407 1270 3467 praa·

343 3469 518 3547 meditatus,
541 3475 604 3529 tum
627 3487 690 3528 non
714 3468 878 3548 obeliscos,
903 3469 957 3530 sed
979 3469 1167 3549 phalaricas,
1195 3471 1271 3530 arie·

341 3558 387 3612 tes
439 3559 471 3613 et
517 3550 701 3613 bombardae
741 3569 878 3632 quoque,
924 3551 1000 3612 nihil
1040 3551 1120 3612 forte
1166 3552 1269 3614 bellici

345 3642 511 3716 apparatus
542 3636 697 3712 omittens,
730 3635 877 3695 instituet.
921 3632 1000 3710 Quid
1023 3634 1096 3702 mihi
1118 3635 1269 3716 reliquum
1332 3636 1338 3646 “

343 3725 391 3779 est
411 3738 547 3797 quaeso,
569 3718 627 3778 nisi
645 3737 744 3798 pavor
765 3724 796 3778 ei
830 3718 960 3779 horror?
1003 3717 1064 3780 Sed
1092 3718 1174 3781 bene
1196 3719 1270 3778 mihi

342 3801 505 3876 interiml')
529 3801 684 3870 obeliscos
704 3801 810 3863 scribit
832 3802 1033 3881 nonvferreos,
1056 3820 1118 3862 non
1138 3802 1268 3884 ligneos,

398 3989 431 4055 2)
452 3989 567 4044 Loesch.
591 3995 618 4044 et
635 3989 699 4044 edit.
718 3962 808 4043 With:
826 3991 938 4044 interea.
992 3985 996 3989 ’
