<?xml version="1.0" encoding="UTF-8"?>
<!DOCTYPE html PUBLIC "-//W3C//DTD XHTML 1.0 Transitional//EN"
    "http://www.w3.org/TR/xhtml1/DTD/xhtml1-transitional.dtd">
<html xmlns="http://www.w3.org/1999/xhtml" xml:lang="en" lang="en">
 <head>
  <title>
</title>
<meta http-equiv="Content-Type" content="text/html;charset=utf-8" />
  <meta name='ocr-system' content='tesseract 3.04.00' />
  <meta name='ocr-capabilities' content='ocr_page ocr_carea ocr_par ocr_line ocrx_word'/>
</head>
<body>
  <div class='ocr_page' id='page_1' title='image "./operalatinavari01schmgoog_0146.png"; bbox 0 0 3075 4750; ppageno 0'>
   <div class='ocr_carea' id='block_1_1' title="bbox 345 483 948 551">
    <p class='ocr_par' dir='ltr' id='par_1_1' title="bbox 345 483 948 551">
     <span class='ocr_line' id='line_1_1' title="bbox 345 483 948 551; baseline 0.003 -11"><span class='ocrx_word' id='word_1_1' title='bbox 345 483 406 551; x_wconf 87' lang='lat'>138</span> <span class='ocrx_word' id='word_1_2' title='bbox 668 487 818 542; x_wconf 75' lang='lat' dir='ltr'>Sermones</span> <span class='ocrx_word' id='word_1_3' title='bbox 837 487 948 543; x_wconf 61' lang='lat' dir='ltr'>liutheri</span> 
     </span>
    </p>
   </div>
   <div class='ocr_carea' id='block_1_2' title="bbox 325 655 1268 2810">
    <p class='ocr_par' dir='ltr' id='par_1_2' title="bbox 325 655 1268 2810">
     <span class='ocr_line' id='line_1_2' title="bbox 341 655 1266 739; baseline -0.001 -22"><span class='ocrx_word' id='word_1_4' title='bbox 341 657 534 736; x_wconf 87' lang='lat' dir='ltr'>divitiarum,</span> <span class='ocrx_word' id='word_1_5' title='bbox 555 657 690 739; x_wconf 85' lang='lat' dir='ltr'>gloriae,</span> <span class='ocrx_word' id='word_1_6' title='bbox 714 659 893 722; x_wconf 87' lang='lat' dir='ltr'>deliciarum</span> <span class='ocrx_word' id='word_1_7' title='bbox 916 664 1003 720; x_wconf 83' lang='lat' dir='ltr'>tanta</span> <span class='ocrx_word' id='word_1_8' title='bbox 1023 657 1122 738; x_wconf 84' lang='lat' dir='ltr'>possit</span> <span class='ocrx_word' id='word_1_9' title='bbox 1141 656 1192 720; x_wconf 88' lang='lat' dir='ltr'>hio</span> <span class='ocrx_word' id='word_1_10' title='bbox 1213 655 1266 717; x_wconf 89' lang='lat' dir='ltr'>ob-</span> 
     </span>
     <span class='ocr_line' id='line_1_3' title="bbox 342 740 1266 821; baseline -0.002 -21"><span class='ocrx_word' id='word_1_11' title='bbox 342 743 479 821; x_wconf 80' lang='lat' dir='ltr'>tingere,</span> <span class='ocrx_word' id='word_1_12' title='bbox 511 746 544 800; x_wconf 87' lang='lat' dir='ltr'>ut</span> <span class='ocrx_word' id='word_1_13' title='bbox 564 742 663 820; x_wconf 83' lang='lat' dir='ltr'>possit</span> <span class='ocrx_word' id='word_1_14' title='bbox 685 743 821 821; x_wconf 86' lang='lat' dir='ltr'>gaudere</span> <span class='ocrx_word' id='word_1_15' title='bbox 848 745 878 803; x_wconf 93' lang='lat' dir='ltr'>in</span> <span class='ocrx_word' id='word_1_16' title='bbox 905 743 998 802; x_wconf 87' lang='lat' dir='ltr'>tontis</span> <span class='ocrx_word' id='word_1_17' title='bbox 1030 740 1183 802; x_wconf 84' lang='lat' dir='ltr'>miseriis?</span> <span class='ocrx_word' id='word_1_18' title='bbox 1226 740 1266 800; x_wconf 86' lang='lat' dir='ltr'>Ut</span> 
     </span>
     <span class='ocr_line' id='line_1_4' title="bbox 342 823 1266 903; baseline -0.003 -19"><span class='ocrx_word' id='word_1_19' title='bbox 342 823 414 902; x_wconf 85' lang='lat' dir='ltr'>quid</span> <span class='ocrx_word' id='word_1_20' title='bbox 449 843 523 903; x_wconf 90' lang='lat' dir='ltr'>ergo</span> <span class='ocrx_word' id='word_1_21' title='bbox 557 826 659 884; x_wconf 87' lang='lat' dir='ltr'>miseri</span> <span class='ocrx_word' id='word_1_22' title='bbox 699 832 824 886; x_wconf 83' lang='lat' dir='ltr'>nostrae</span> <span class='ocrx_word' id='word_1_23' title='bbox 861 825 1048 886; x_wconf 90' lang='lat' dir='ltr'>conditionis</span> <span class='ocrx_word' id='word_1_24' title='bbox 1083 823 1170 884; x_wconf 90' lang='lat' dir='ltr'>obliti</span> <span class='ocrx_word' id='word_1_25' title='bbox 1203 830 1266 882; x_wconf 89' lang='lat' dir='ltr'>tam</span> 
     </span>
     <span class='ocr_line' id='line_1_5' title="bbox 341 905 1265 986; baseline -0.001 -19"><span class='ocrx_word' id='word_1_26' title='bbox 341 908 426 967; x_wconf 86' lang='lat' dir='ltr'>caeci</span> <span class='ocrx_word' id='word_1_27' title='bbox 448 927 561 984; x_wconf 86' lang='lat' dir='ltr'>sumus,</span> <span class='ocrx_word' id='word_1_28' title='bbox 584 916 616 967; x_wconf 92' lang='lat' dir='ltr'>ut</span> <span class='ocrx_word' id='word_1_29' title='bbox 638 907 732 969; x_wconf 88' lang='lat' dir='ltr'>flente</span> <span class='ocrx_word' id='word_1_30' title='bbox 754 911 847 970; x_wconf 87' lang='lat' dir='ltr'>etiam</span> <span class='ocrx_word' id='word_1_31' title='bbox 870 905 1029 969; x_wconf 82' lang='lat' dir='ltr'>momento</span> <span class='ocrx_word' id='word_1_32' title='bbox 1050 907 1265 986; x_wconf 77' lang='lat' dir='ltr'><strong>prosperitatis</strong></span> 
     </span>
     <span class='ocr_line' id='line_1_6' title="bbox 340 989 1268 1069; baseline 0.002 -20"><span class='ocrx_word' id='word_1_33' title='bbox 340 991 563 1050; x_wconf 87' lang='lat' dir='ltr'>minutissimae</span> <span class='ocrx_word' id='word_1_34' title='bbox 595 1010 657 1051; x_wconf 91' lang='lat' dir='ltr'>non</span> <span class='ocrx_word' id='word_1_35' title='bbox 685 991 883 1069; x_wconf 79' lang='lat' dir='ltr'>cohibemur,</span> <span class='ocrx_word' id='word_1_36' title='bbox 924 991 980 1052; x_wconf 86' lang='lat' dir='ltr'>sed</span> <span class='ocrx_word' id='word_1_37' title='bbox 1008 990 1161 1052; x_wconf 87' lang='lat' dir='ltr'>efferimur</span> <span class='ocrx_word' id='word_1_38' title='bbox 1190 989 1268 1050; x_wconf 87' lang='lat' dir='ltr'>mira</span> 
     </span>
     <span class='ocr_line' id='line_1_7' title="bbox 341 1073 1267 1151; baseline 0 -19"><span class='ocrx_word' id='word_1_39' title='bbox 341 1073 522 1151; x_wconf 77' lang='lat' dir='ltr'>insolentia,</span> <span class='ocrx_word' id='word_1_40' title='bbox 560 1080 593 1134; x_wconf 92' lang='lat' dir='ltr'>et</span> <span class='ocrx_word' id='word_1_41' title='bbox 626 1081 728 1135; x_wconf 89' lang='lat' dir='ltr'>tamen</span> <span class='ocrx_word' id='word_1_42' title='bbox 769 1075 918 1135; x_wconf 87' lang='lat' dir='ltr'>audemus</span> <span class='ocrx_word' id='word_1_43' title='bbox 951 1073 1061 1134; x_wconf 83' lang='lat' dir='ltr'>eadem</span> <span class='ocrx_word' id='word_1_44' title='bbox 1099 1073 1267 1133; x_wconf 86' lang='lat' dir='ltr'>insolentia</span> 
     </span>
     <span class='ocr_line' id='line_1_8' title="bbox 340 1155 1267 1236; baseline -0.002 -20"><span class='ocrx_word' id='word_1_45' title='bbox 340 1175 433 1225; x_wconf 15' lang='lat' dir='ltr'>,orare</span> <span class='ocrx_word' id='word_1_46' title='bbox 454 1156 535 1216; x_wconf 89' lang='lat' dir='ltr'>hano</span> <span class='ocrx_word' id='word_1_47' title='bbox 558 1159 731 1217; x_wconf 87' lang='lat' dir='ltr'>orationem</span> <span class='ocrx_word' id='word_1_48' title='bbox 754 1177 859 1218; x_wconf 86' lang='lat' dir='ltr'>corum</span> <span class='ocrx_word' id='word_1_49' title='bbox 881 1157 964 1236; x_wconf 86' lang='lat' dir='ltr'>Dec,</span> <span class='ocrx_word' id='word_1_50' title='bbox 995 1176 1049 1217; x_wconf 85' lang='lat' dir='ltr'>ure</span> <span class='ocrx_word' id='word_1_51' title='bbox 1077 1155 1267 1216; x_wconf 82' lang='lat' dir='ltr'>affirmantes</span> 
     </span>
     <span class='ocr_line' id='line_1_9' title="bbox 341 1238 1267 1318; baseline -0.001 -19"><span class='ocrx_word' id='word_1_52' title='bbox 341 1244 478 1299; x_wconf 88' lang='lat' dir='ltr'>nostram</span> <span class='ocrx_word' id='word_1_53' title='bbox 510 1239 737 1318; x_wconf 81' lang='lat' dir='ltr'>infelicitatem,</span> <span class='ocrx_word' id='word_1_54' title='bbox 775 1241 825 1300; x_wconf 94' lang='lat' dir='ltr'>ubi</span> <span class='ocrx_word' id='word_1_55' title='bbox 860 1239 953 1300; x_wconf 87' lang='lat' dir='ltr'>corde</span> <span class='ocrx_word' id='word_1_56' title='bbox 989 1240 1079 1300; x_wconf 87' lang='lat' dir='ltr'>nobis</span> <span class='ocrx_word' id='word_1_57' title='bbox 1107 1239 1137 1298; x_wconf 89' lang='lat' dir='ltr'>in</span> <span class='ocrx_word' id='word_1_58' title='bbox 1171 1238 1267 1298; x_wconf 79' lang='lat' dir='ltr'>felici·</span> 
     </span>
     <span class='ocr_line' id='line_1_10' title="bbox 342 1321 1267 1402; baseline -0.002 -21"><span class='ocrx_word' id='word_1_59' title='bbox 342 1328 405 1382; x_wconf 85' lang='lat' dir='ltr'>tate</span> <span class='ocrx_word' id='word_1_60' title='bbox 428 1322 597 1400; x_wconf 78' lang='lat' dir='ltr'>placemus,</span> <span class='ocrx_word' id='word_1_61' title='bbox 640 1323 735 1402; x_wconf 86' lang='lat' dir='ltr'>Igitur</span> <span class='ocrx_word' id='word_1_62' title='bbox 753 1323 805 1382; x_wconf 94' lang='lat' dir='ltr'>ubi</span> <span class='ocrx_word' id='word_1_63' title='bbox 822 1321 1027 1385; x_wconf 86' lang='lat' dir='ltr'>sanctificetur</span> <span class='ocrx_word' id='word_1_64' title='bbox 1043 1341 1156 1382; x_wconf 87' lang='lat' dir='ltr'>nomen</span> <span class='ocrx_word' id='word_1_65' title='bbox 1170 1327 1267 1394; x_wconf 89' lang='lat' dir='ltr'>tuum,</span> 
     </span>
     <span class='ocr_line' id='line_1_11' title="bbox 341 1403 1266 1486; baseline 0.001 -24"><span class='ocrx_word' id='word_1_66' title='bbox 341 1424 381 1463; x_wconf 84' lang='lat' dir='ltr'>ex</span> <span class='ocrx_word' id='word_1_67' title='bbox 401 1403 496 1464; x_wconf 90' lang='lat' dir='ltr'>corde</span> <span class='ocrx_word' id='word_1_68' title='bbox 519 1425 609 1482; x_wconf 86' lang='lat' dir='ltr'>ores,</span> <span class='ocrx_word' id='word_1_69' title='bbox 641 1407 746 1484; x_wconf 90' lang='lat' dir='ltr'>utique</span> <span class='ocrx_word' id='word_1_70' title='bbox 775 1408 820 1466; x_wconf 91' lang='lat' dir='ltr'>sic</span> <span class='ocrx_word' id='word_1_71' title='bbox 841 1405 1007 1486; x_wconf 74' lang='lat' dir='ltr'>cogitabis,</span> <span class='ocrx_word' id='word_1_72' title='bbox 1035 1405 1094 1464; x_wconf 87' lang='lat' dir='ltr'>hou</span> <span class='ocrx_word' id='word_1_73' title='bbox 1116 1405 1266 1466; x_wconf 83' lang='lat' dir='ltr'>Domine!</span> 
     </span>
     <span class='ocr_line' id='line_1_12' title="bbox 342 1485 1266 1568; baseline 0 -23"><span class='ocrx_word' id='word_1_74' title='bbox 342 1486 412 1565; x_wconf 91' lang='lat' dir='ltr'>quid</span> <span class='ocrx_word' id='word_1_75' title='bbox 435 1487 527 1548; x_wconf 87' lang='lat' dir='ltr'>audio</span> <span class='ocrx_word' id='word_1_76' title='bbox 551 1495 584 1548; x_wconf 90' lang='lat' dir='ltr'>ut</span> <span class='ocrx_word' id='word_1_77' title='bbox 605 1488 768 1568; x_wconf 82' lang='lat' dir='ltr'>superbiae</span> <span class='ocrx_word' id='word_1_78' title='bbox 789 1495 914 1558; x_wconf 80' lang='lat' dir='ltr'>nostine</span> <span class='ocrx_word' id='word_1_79' title='bbox 938 1508 1001 1548; x_wconf 91' lang='lat' dir='ltr'>uon</span> <span class='ocrx_word' id='word_1_80' title='bbox 1025 1495 1073 1547; x_wconf 88' lang='lat' dir='ltr'>est</span> <span class='ocrx_word' id='word_1_81' title='bbox 1094 1485 1266 1546; x_wconf 86' lang='lat' dir='ltr'>sanctificu-</span> 
     </span>
     <span class='ocr_line' id='line_1_13' title="bbox 341 1570 1265 1650; baseline 0 -20"><span class='ocrx_word' id='word_1_82' title='bbox 341 1578 405 1630; x_wconf 90' lang='lat' dir='ltr'>tum</span> <span class='ocrx_word' id='word_1_83' title='bbox 428 1590 540 1631; x_wconf 91' lang='lat' dir='ltr'>nomen</span> <span class='ocrx_word' id='word_1_84' title='bbox 563 1570 647 1631; x_wconf 86' lang='lat' dir='ltr'>tuum</span> <span class='ocrx_word' id='word_1_85' title='bbox 670 1571 749 1650; x_wconf 90' lang='lat' dir='ltr'>apud</span> <span class='ocrx_word' id='word_1_86' title='bbox 775 1591 846 1648; x_wconf 88' lang='lat' dir='ltr'>nos,</span> <span class='ocrx_word' id='word_1_87' title='bbox 874 1571 964 1631; x_wconf 87' lang='lat' dir='ltr'>nobis</span> <span class='ocrx_word' id='word_1_88' title='bbox 993 1571 1185 1632; x_wconf 85' lang='lat' dir='ltr'>attribuimus</span> <span class='ocrx_word' id='word_1_89' title='bbox 1210 1588 1265 1630; x_wconf 91' lang='lat' dir='ltr'>no·</span> 
     </span>
     <span class='ocr_line' id='line_1_14' title="bbox 341 1651 1265 1735; baseline 0 -24"><span class='ocrx_word' id='word_1_90' title='bbox 341 1673 411 1712; x_wconf 90' lang='lat' dir='ltr'>men</span> <span class='ocrx_word' id='word_1_91' title='bbox 435 1660 533 1735; x_wconf 90' lang='lat' dir='ltr'>tuum,</span> <span class='ocrx_word' id='word_1_92' title='bbox 565 1655 595 1714; x_wconf 90' lang='lat' dir='ltr'>in</span> <span class='ocrx_word' id='word_1_93' title='bbox 616 1654 816 1733; x_wconf 88' lang='lat' dir='ltr'>blasphemiis</span> <span class='ocrx_word' id='word_1_94' title='bbox 839 1656 898 1714; x_wconf 89' lang='lat' dir='ltr'>tuis</span> <span class='ocrx_word' id='word_1_95' title='bbox 920 1655 1049 1714; x_wconf 88' lang='lat' dir='ltr'>vivimus</span> <span class='ocrx_word' id='word_1_96' title='bbox 1072 1655 1139 1715; x_wconf 89' lang='lat' dir='ltr'>toti.</span> <span class='ocrx_word' id='word_1_97' title='bbox 1183 1651 1265 1726; x_wconf 72' lang='lat' dir='ltr'>Quid</span> 
     </span>
     <span class='ocr_line' id='line_1_15' title="bbox 341 1735 1264 1815; baseline 0 -21"><span class='ocrx_word' id='word_1_98' title='bbox 341 1737 450 1795; x_wconf 87' lang='lat' dir='ltr'>meruit</span> <span class='ocrx_word' id='word_1_99' title='bbox 475 1735 672 1815; x_wconf 86' lang='lat' dir='ltr'>blasphemus</span> <span class='ocrx_word' id='word_1_100' title='bbox 700 1738 731 1796; x_wconf 90' lang='lat' dir='ltr'>iu</span> <span class='ocrx_word' id='word_1_101' title='bbox 757 1737 857 1797; x_wconf 85' lang='lat' dir='ltr'>Deum</span> <span class='ocrx_word' id='word_1_102' title='bbox 887 1744 919 1796; x_wconf 87' lang='lat' dir='ltr'>et</span> <span class='ocrx_word' id='word_1_103' title='bbox 944 1737 991 1798; x_wconf 87' lang='lat' dir='ltr'>lur</span> <span class='ocrx_word' id='word_1_104' title='bbox 1019 1737 1153 1798; x_wconf 90' lang='lat' dir='ltr'>nominis</span> <span class='ocrx_word' id='word_1_105' title='bbox 1184 1735 1264 1796; x_wconf 81' lang='lat' dir='ltr'>Dei?</span> 
     </span>
     <span class='ocr_line' id='line_1_16' title="bbox 342 1817 1265 1899; baseline 0.004 -23"><span class='ocrx_word' id='word_1_106' title='bbox 342 1817 420 1892; x_wconf 77' lang='lat' dir='ltr'>Quid</span> <span class='ocrx_word' id='word_1_107' title='bbox 444 1821 552 1878; x_wconf 89' lang='lat' dir='ltr'>meruit</span> <span class='ocrx_word' id='word_1_108' title='bbox 573 1821 624 1898; x_wconf 90' lang='lat' dir='ltr'>qui</span> <span class='ocrx_word' id='word_1_109' title='bbox 646 1819 777 1899; x_wconf 85' lang='lat' dir='ltr'>gloriam</span> <span class='ocrx_word' id='word_1_110' title='bbox 799 1821 856 1881; x_wconf 81' lang='lat' dir='ltr'>liei</span> <span class='ocrx_word' id='word_1_111' title='bbox 878 1820 909 1879; x_wconf 89' lang='lat' dir='ltr'>in</span> <span class='ocrx_word' id='word_1_112' title='bbox 932 1839 1018 1880; x_wconf 91' lang='lat' dir='ltr'>suam</span> <span class='ocrx_word' id='word_1_113' title='bbox 1040 1821 1060 1879; x_wconf 91' lang='lat' dir='ltr'>i.</span> <span class='ocrx_word' id='word_1_114' title='bbox 1075 1839 1102 1879; x_wconf 89' lang='lat' dir='ltr'>c.</span> <span class='ocrx_word' id='word_1_115' title='bbox 1123 1820 1155 1878; x_wconf 90' lang='lat' dir='ltr'>in</span> <span class='ocrx_word' id='word_1_116' title='bbox 1177 1819 1265 1897; x_wconf 87' lang='lat' dir='ltr'>iguo·</span> 
     </span>
     <span class='ocr_line' id='line_1_17' title="bbox 334 1901 1263 1982; baseline 0.001 -23"><span class='ocrx_word' id='word_1_117' title='bbox 334 1902 465 1960; x_wconf 78' lang='lat' dir='ltr'>&#39;minium</span> <span class='ocrx_word' id='word_1_118' title='bbox 493 1903 680 1971; x_wconf 82' lang='lat' dir='ltr'>commutat?</span> <span class='ocrx_word' id='word_1_119' title='bbox 723 1903 764 1962; x_wconf 93' lang='lat' dir='ltr'>Ut</span> <span class='ocrx_word' id='word_1_120' title='bbox 792 1903 851 1981; x_wconf 88' lang='lat' dir='ltr'>illi,</span> <span class='ocrx_word' id='word_1_121' title='bbox 879 1903 930 1981; x_wconf 86' lang='lat' dir='ltr'>qui</span> <span class='ocrx_word' id='word_1_122' title='bbox 958 1902 1087 1982; x_wconf 88' lang='lat' dir='ltr'>glorium</span> <span class='ocrx_word' id='word_1_123' title='bbox 1118 1921 1205 1962; x_wconf 88' lang='lat' dir='ltr'>suam</span> <span class='ocrx_word' id='word_1_124' title='bbox 1233 1901 1263 1960; x_wconf 90' lang='lat' dir='ltr'>iu</span> 
     </span>
     <span class='ocr_line' id='line_1_18' title="bbox 341 1983 1264 2058; baseline 0 -16"><span class='ocrx_word' id='word_1_125' title='bbox 341 1983 570 2044; x_wconf 88' lang='lat' dir='ltr'>similitudinem</span> <span class='ocrx_word' id='word_1_126' title='bbox 609 1985 698 2044; x_wconf 84' lang='lat' dir='ltr'>vituli</span> <span class='ocrx_word' id='word_1_127' title='bbox 731 1991 1006 2046; x_wconf 85' lang='lat' dir='ltr'>commutaverunt.</span> <span class='ocrx_word' id='word_1_128' title='bbox 1061 1983 1136 2058; x_wconf 78' lang='lat' dir='ltr'>Quis</span> <span class='ocrx_word' id='word_1_129' title='bbox 1174 1983 1264 2044; x_wconf 86' lang='lat' dir='ltr'>huius</span> 
     </span>
     <span class='ocr_line' id='line_1_19' title="bbox 340 2066 1264 2147; baseline 0 -22"><span class='ocrx_word' id='word_1_130' title='bbox 340 2066 450 2145; x_wconf 87' lang='lat' dir='ltr'>culpae</span> <span class='ocrx_word' id='word_1_131' title='bbox 476 2068 576 2146; x_wconf 89' lang='lat' dir='ltr'>possit</span> <span class='ocrx_word' id='word_1_132' title='bbox 601 2068 784 2147; x_wconf 89' lang='lat' dir='ltr'>supplicium</span> <span class='ocrx_word' id='word_1_133' title='bbox 815 2070 996 2147; x_wconf 82' lang='lat' dir='ltr'>aestimare,</span> <span class='ocrx_word' id='word_1_134' title='bbox 1032 2067 1128 2128; x_wconf 87' lang='lat' dir='ltr'>multo</span> <span class='ocrx_word' id='word_1_135' title='bbox 1163 2069 1264 2126; x_wconf 87' lang='lat' dir='ltr'>miuus</span> 
     </span>
     <span class='ocr_line' id='line_1_20' title="bbox 325 2148 1263 2234; baseline 0 -26"><span class='ocrx_word' id='word_1_136' title='bbox 325 2148 487 2234; x_wconf 63' lang='lat' dir='ltr'>xevadere,</span> <span class='ocrx_word' id='word_1_137' title='bbox 517 2151 573 2210; x_wconf 91' lang='lat' dir='ltr'>nisi</span> <span class='ocrx_word' id='word_1_138' title='bbox 596 2152 648 2228; x_wconf 89' lang='lat' dir='ltr'>qui</span> <span class='ocrx_word' id='word_1_139' title='bbox 668 2150 823 2212; x_wconf 88' lang='lat' dir='ltr'>horrendo</span> <span class='ocrx_word' id='word_1_140' title='bbox 845 2159 974 2230; x_wconf 85' lang='lat' dir='ltr'>peccato</span> <span class='ocrx_word' id='word_1_141' title='bbox 998 2169 1054 2211; x_wconf 88' lang='lat' dir='ltr'>suo</span> <span class='ocrx_word' id='word_1_142' title='bbox 1079 2151 1185 2230; x_wconf 83' lang='lat' dir='ltr'>agnito</span> <span class='ocrx_word' id='word_1_143' title='bbox 1210 2149 1263 2208; x_wconf 91' lang='lat' dir='ltr'>hu·</span> 
     </span>
     <span class='ocr_line' id='line_1_21' title="bbox 339 2231 1262 2312; baseline 0.002 -22"><span class='ocrx_word' id='word_1_144' title='bbox 339 2232 450 2292; x_wconf 88' lang='lat' dir='ltr'>militer</span> <span class='ocrx_word' id='word_1_145' title='bbox 472 2232 558 2292; x_wconf 88' lang='lat' dir='ltr'>dolet</span> <span class='ocrx_word' id='word_1_146' title='bbox 587 2242 619 2293; x_wconf 88' lang='lat' dir='ltr'>et</span> <span class='ocrx_word' id='word_1_147' title='bbox 639 2240 708 2294; x_wconf 89' lang='lat' dir='ltr'>orat</span> <span class='ocrx_word' id='word_1_148' title='bbox 729 2241 837 2294; x_wconf 84' lang='lat' dir='ltr'>contra</span> <span class='ocrx_word' id='word_1_149' title='bbox 859 2254 947 2294; x_wconf 90' lang='lat' dir='ltr'>suum</span> <span class='ocrx_word' id='word_1_150' title='bbox 969 2240 1145 2312; x_wconf 86' lang='lat' dir='ltr'>peccatum,</span> <span class='ocrx_word' id='word_1_151' title='bbox 1179 2231 1262 2310; x_wconf 89' lang='lat' dir='ltr'>quod</span> 
     </span>
     <span class='ocr_line' id='line_1_22' title="bbox 339 2314 1264 2397; baseline -0.001 -22"><span class='ocrx_word' id='word_1_152' title='bbox 339 2314 413 2394; x_wconf 84' lang='lat' dir='ltr'>odit,</span> <span class='ocrx_word' id='word_1_153' title='bbox 436 2322 470 2376; x_wconf 89' lang='lat' dir='ltr'>ut</span> <span class='ocrx_word' id='word_1_154' title='bbox 490 2317 695 2377; x_wconf 86' lang='lat' dir='ltr'>sanctificetur</span> <span class='ocrx_word' id='word_1_155' title='bbox 713 2336 826 2379; x_wconf 86' lang='lat' dir='ltr'>nomen</span> <span class='ocrx_word' id='word_1_156' title='bbox 848 2317 908 2378; x_wconf 88' lang='lat' dir='ltr'>Dei</span> <span class='ocrx_word' id='word_1_157' title='bbox 929 2323 961 2379; x_wconf 89' lang='lat' dir='ltr'>et</span> <span class='ocrx_word' id='word_1_158' title='bbox 982 2316 1137 2397; x_wconf 85' lang='lat' dir='ltr'>polluatur</span> <span class='ocrx_word' id='word_1_159' title='bbox 1158 2316 1264 2395; x_wconf 85' lang='lat' dir='ltr'>potius</span> 
     </span>
     <span class='ocr_line' id='line_1_23' title="bbox 339 2400 1262 2481; baseline 0 -24"><span class='ocrx_word' id='word_1_160' title='bbox 339 2418 452 2461; x_wconf 84' lang='lat' dir='ltr'>nomen</span> <span class='ocrx_word' id='word_1_161' title='bbox 473 2420 571 2477; x_wconf 90' lang='lat' dir='ltr'>suum,</span> <span class='ocrx_word' id='word_1_162' title='bbox 594 2402 672 2460; x_wconf 87' lang='lat' dir='ltr'>siout</span> <span class='ocrx_word' id='word_1_163' title='bbox 693 2400 819 2481; x_wconf 91' lang='lat' dir='ltr'>dignum</span> <span class='ocrx_word' id='word_1_164' title='bbox 843 2408 900 2476; x_wconf 88' lang='lat' dir='ltr'>est,</span> <span class='ocrx_word' id='word_1_165' title='bbox 922 2420 959 2459; x_wconf 88' lang='lat' dir='ltr'>ac</span> <span class='ocrx_word' id='word_1_166' title='bbox 981 2402 1178 2479; x_wconf 84' lang='lat' dir='ltr'>vituperetur,</span> <span class='ocrx_word' id='word_1_167' title='bbox 1201 2418 1262 2457; x_wconf 88' lang='lat' dir='ltr'>ma-</span> 
     </span>
     <span class='ocr_line' id='line_1_24' title="bbox 338 2481 1262 2564; baseline 0.002 -25"><span class='ocrx_word' id='word_1_168' title='bbox 338 2481 502 2564; x_wconf 78' lang='lat' dir='ltr'>ledicatur,</span> <span class='ocrx_word' id='word_1_169' title='bbox 524 2483 768 2562; x_wconf 84' lang='lat' dir='ltr'>blasphemetur,</span> <span class='ocrx_word' id='word_1_170' title='bbox 790 2484 841 2544; x_wconf 92' lang='lat' dir='ltr'>hio</span> <span class='ocrx_word' id='word_1_171' title='bbox 862 2484 943 2544; x_wconf 89' lang='lat' dir='ltr'>enim</span> <span class='ocrx_word' id='word_1_172' title='bbox 966 2482 1075 2545; x_wconf 81' lang='lat' dir='ltr'>beatus</span> <span class='ocrx_word' id='word_1_173' title='bbox 1099 2490 1174 2543; x_wconf 87' lang='lat' dir='ltr'>erut.</span> <span class='ocrx_word' id='word_1_174' title='bbox 1218 2482 1262 2542; x_wconf 84' lang='lat' dir='ltr'>Si-</span> 
     </span>
     <span class='ocr_line' id='line_1_25' title="bbox 338 2564 1263 2645; baseline 0.001 -21"><span class='ocrx_word' id='word_1_175' title='bbox 338 2573 389 2625; x_wconf 92' lang='lat' dir='ltr'>cut</span> <span class='ocrx_word' id='word_1_176' title='bbox 420 2573 522 2625; x_wconf 88' lang='lat' dir='ltr'>autem</span> <span class='ocrx_word' id='word_1_177' title='bbox 552 2565 591 2625; x_wconf 89' lang='lat' dir='ltr'>de</span> <span class='ocrx_word' id='word_1_178' title='bbox 624 2568 723 2645; x_wconf 87' lang='lat' dir='ltr'>prima</span> <span class='ocrx_word' id='word_1_179' title='bbox 751 2568 892 2627; x_wconf 86' lang='lat' dir='ltr'>oratione</span> <span class='ocrx_word' id='word_1_180' title='bbox 924 2567 1123 2643; x_wconf 88' lang='lat' dir='ltr'>factumest,</span> <span class='ocrx_word' id='word_1_181' title='bbox 1152 2566 1196 2625; x_wconf 91' lang='lat' dir='ltr'>ita</span> <span class='ocrx_word' id='word_1_182' title='bbox 1224 2564 1263 2625; x_wconf 79' lang='lat' dir='ltr'>de</span> 
     </span>
     <span class='ocr_line' id='line_1_26' title="bbox 338 2646 1263 2726; baseline 0 -19"><span class='ocrx_word' id='word_1_183' title='bbox 338 2648 479 2708; x_wconf 90' lang='lat' dir='ltr'>omnibus</span> <span class='ocrx_word' id='word_1_184' title='bbox 502 2648 700 2726; x_wconf 90' lang='lat' dir='ltr'>sequentibus</span> <span class='ocrx_word' id='word_1_185' title='bbox 721 2648 786 2709; x_wconf 85' lang='lat' dir='ltr'>fieri</span> <span class='ocrx_word' id='word_1_186' title='bbox 809 2649 916 2726; x_wconf 72' lang='lat' dir='ltr'>debet,</span> <span class='ocrx_word' id='word_1_187' title='bbox 939 2648 1057 2709; x_wconf 85' lang='lat' dir='ltr'>scilicet</span> <span class='ocrx_word' id='word_1_188' title='bbox 1079 2646 1149 2709; x_wconf 85' lang='lat' dir='ltr'>cum</span> <span class='ocrx_word' id='word_1_189' title='bbox 1172 2648 1263 2707; x_wconf 85' lang='lat' dir='ltr'>ruun&#39;-</span> 
     </span>
     <span class='ocr_line' id='line_1_27' title="bbox 338 2731 1264 2810; baseline 0.003 -22"><span class='ocrx_word' id='word_1_190' title='bbox 338 2731 465 2790; x_wconf 88' lang='lat' dir='ltr'>natione</span> <span class='ocrx_word' id='word_1_191' title='bbox 488 2739 520 2789; x_wconf 86' lang='lat' dir='ltr'>et</span> <span class='ocrx_word' id='word_1_192' title='bbox 541 2732 787 2809; x_wconf 87' lang='lat' dir='ltr'>examinatione,</span> <span class='ocrx_word' id='word_1_193' title='bbox 817 2739 963 2810; x_wconf 85' lang='lat' dir='ltr'>quantum</span> <span class='ocrx_word' id='word_1_194' title='bbox 996 2731 1110 2791; x_wconf 88' lang='lat' dir='ltr'>malum</span> <span class='ocrx_word' id='word_1_195' title='bbox 1132 2732 1172 2791; x_wconf 90' lang='lat' dir='ltr'>sit</span> <span class='ocrx_word' id='word_1_196' title='bbox 1193 2749 1264 2791; x_wconf 85' lang='lat' dir='ltr'>osse</span> 
     </span>
    </p>
   </div>
   <div class='ocr_carea' id='block_1_3' title="bbox 339 2813 1376 2893">
    <p class='ocr_par' dir='ltr' id='par_1_3' title="bbox 339 2813 1376 2893">
     <span class='ocr_line' id='line_1_28' title="bbox 339 2813 1376 2893; baseline -0.004 -22"><span class='ocrx_word' id='word_1_197' title='bbox 339 2820 370 2871; x_wconf 93' lang='lat' dir='ltr'>et</span> <span class='ocrx_word' id='word_1_198' title='bbox 389 2813 484 2873; x_wconf 78' lang='lat' dir='ltr'>fuisse</span> <span class='ocrx_word' id='word_1_199' title='bbox 504 2814 533 2871; x_wconf 92' lang='lat' dir='ltr'>in</span> <span class='ocrx_word' id='word_1_200' title='bbox 558 2833 596 2873; x_wconf 89' lang='lat' dir='ltr'>eo</span> <span class='ocrx_word' id='word_1_201' title='bbox 625 2821 706 2875; x_wconf 87' lang='lat' dir='ltr'>statu</span> <span class='ocrx_word' id='word_1_202' title='bbox 734 2821 860 2875; x_wconf 83' lang='lat' dir='ltr'>naturae</span> <span class='ocrx_word' id='word_1_203' title='bbox 890 2814 1078 2893; x_wconf 83' lang='lat' dir='ltr'>depravatae</span> <span class='ocrx_word' id='word_1_204' title='bbox 1105 2833 1145 2873; x_wconf 71' lang='lat' dir='ltr'>ex</span> <span class='ocrx_word' id='word_1_205' title='bbox 1168 2813 1262 2891; x_wconf 79' lang='lat' dir='ltr'>bona,</span> <span class='ocrx_word' id='word_1_206' title='bbox 1305 2848 1309 2857; x_wconf 78' lang='lat'>,</span> <span class='ocrx_word' id='word_1_207' title='bbox 1375 2860 1376 2867; x_wconf 72' lang='grc'>,</span> 
     </span>
    </p>
   </div>
   <div class='ocr_carea' id='block_1_4' title="bbox 337 2892 1262 3142">
    <p class='ocr_par' dir='ltr' id='par_1_4' title="bbox 337 2892 1262 3142">
     <span class='ocr_line' id='line_1_29' title="bbox 338 2892 1260 2975; baseline 0.002 -21"><span class='ocrx_word' id='word_1_208' title='bbox 338 2914 416 2973; x_wconf 88' lang='lat' dir='ltr'>quae</span> <span class='ocrx_word' id='word_1_209' title='bbox 442 2896 472 2955; x_wconf 90' lang='lat' dir='ltr'>in</span> <span class='ocrx_word' id='word_1_210' title='bbox 502 2915 540 2955; x_wconf 86' lang='lat' dir='ltr'>eo</span> <span class='ocrx_word' id='word_1_211' title='bbox 569 2905 721 2975; x_wconf 89' lang='lat' dir='ltr'>peccatur.</span> <span class='ocrx_word' id='word_1_212' title='bbox 765 2897 844 2957; x_wconf 88' lang='lat' dir='ltr'>Nam</span> <span class='ocrx_word' id='word_1_213' title='bbox 874 2916 981 2959; x_wconf 89' lang='lat' dir='ltr'>omnes</span> <span class='ocrx_word' id='word_1_214' title='bbox 1005 2892 1126 2975; x_wconf 84' lang='lat' dir='ltr'>septem</span> <span class='ocrx_word' id='word_1_215' title='bbox 1147 2904 1178 2956; x_wconf 87' lang='lat' dir='ltr'>et</span> <span class='ocrx_word' id='word_1_216' title='bbox 1200 2896 1260 2956; x_wconf 90' lang='lat' dir='ltr'>siu·</span> 
     </span>
     <span class='ocr_line' id='line_1_30' title="bbox 337 2978 1262 3059; baseline 0.003 -23"><span class='ocrx_word' id='word_1_217' title='bbox 337 2978 429 3057; x_wconf 86' lang='lat' dir='ltr'>gulae</span> <span class='ocrx_word' id='word_1_218' title='bbox 448 2978 565 3038; x_wconf 88' lang='lat' dir='ltr'>habeut</span> <span class='ocrx_word' id='word_1_219' title='bbox 586 2981 694 3039; x_wconf 86' lang='lat' dir='ltr'>trinam</span> <span class='ocrx_word' id='word_1_220' title='bbox 718 2980 801 3040; x_wconf 75' lang='lat' dir='ltr'>illsin</span> <span class='ocrx_word' id='word_1_221' title='bbox 825 2980 1044 3056; x_wconf 81' lang='lat' dir='ltr'>differentiam,</span> <span class='ocrx_word' id='word_1_222' title='bbox 1067 2978 1150 3059; x_wconf 86' lang='lat' dir='ltr'>quod</span> <span class='ocrx_word' id='word_1_223' title='bbox 1172 2979 1262 3039; x_wconf 87' lang='lat' dir='ltr'>aliter</span> 
     </span>
     <span class='ocr_line' id='line_1_31' title="bbox 337 3061 1262 3142; baseline 0.004 -23"><span class='ocrx_word' id='word_1_224' title='bbox 337 3061 473 3121; x_wconf 90' lang='lat' dir='ltr'>serviunt</span> <span class='ocrx_word' id='word_1_225' title='bbox 499 3062 732 3141; x_wconf 88' lang='lat' dir='ltr'>incipientibus,</span> <span class='ocrx_word' id='word_1_226' title='bbox 765 3064 855 3123; x_wconf 86' lang='lat' dir='ltr'>aliter</span> <span class='ocrx_word' id='word_1_227' title='bbox 895 3062 1141 3142; x_wconf 86' lang='lat' dir='ltr'>proficientibus,</span> <span class='ocrx_word' id='word_1_228' title='bbox 1172 3062 1262 3123; x_wconf 85' lang='lat' dir='ltr'>aliter</span> 
     </span>
    </p>
   </div>
   <div class='ocr_carea' id='block_1_5' title="bbox 337 3143 1375 3225">
    <p class='ocr_par' dir='ltr' id='par_1_5' title="bbox 337 3143 1375 3225">
     <span class='ocr_line' id='line_1_32' title="bbox 337 3143 1375 3225; baseline -0.009 -23"><span class='ocrx_word' id='word_1_229' title='bbox 337 3143 499 3221; x_wconf 85' lang='lat' dir='ltr'>perlectis,</span> <span class='ocrx_word' id='word_1_230' title='bbox 521 3152 552 3203; x_wconf 88' lang='lat' dir='ltr'>et</span> <span class='ocrx_word' id='word_1_231' title='bbox 573 3165 629 3223; x_wconf 91' lang='lat' dir='ltr'>pro</span> <span class='ocrx_word' id='word_1_232' title='bbox 652 3165 733 3205; x_wconf 89' lang='lat' dir='ltr'>nunc</span> <span class='ocrx_word' id='word_1_233' title='bbox 754 3146 877 3224; x_wconf 89' lang='lat' dir='ltr'>quidem</span> <span class='ocrx_word' id='word_1_234' title='bbox 902 3146 1068 3207; x_wconf 86' lang='lat' dir='ltr'>omittimus</span> <span class='ocrx_word' id='word_1_235' title='bbox 1091 3164 1261 3225; x_wconf 74' lang='lat' dir='ltr'>exaggera</span> <span class='ocrx_word' id='word_1_236' title='bbox 1374 3158 1375 3193; x_wconf 58' lang='lat' dir='ltr'>i</span> 
     </span>
    </p>
   </div>
   <div class='ocr_carea' id='block_1_6' title="bbox 337 3227 1262 3636">
    <p class='ocr_par' dir='ltr' id='par_1_6' title="bbox 338 3227 1260 3389">
     <span class='ocr_line' id='line_1_33' title="bbox 338 3227 1260 3308; baseline 0.002 -23"><span class='ocrx_word' id='word_1_237' title='bbox 338 3227 453 3286; x_wconf 89' lang='lat' dir='ltr'>tionem</span> <span class='ocrx_word' id='word_1_238' title='bbox 481 3227 632 3287; x_wconf 88' lang='lat' dir='ltr'>malorum</span> <span class='ocrx_word' id='word_1_239' title='bbox 659 3230 691 3288; x_wconf 91' lang='lat' dir='ltr'>in</span> <span class='ocrx_word' id='word_1_240' title='bbox 725 3230 867 3308; x_wconf 87' lang='lat' dir='ltr'>singulis,</span> <span class='ocrx_word' id='word_1_241' title='bbox 906 3227 1082 3289; x_wconf 83' lang='lat' dir='ltr'>differentes</span> <span class='ocrx_word' id='word_1_242' title='bbox 1114 3229 1145 3287; x_wconf 89' lang='lat' dir='ltr'>iu</span> <span class='ocrx_word' id='word_1_243' title='bbox 1178 3227 1260 3287; x_wconf 87' lang='lat' dir='ltr'>aliud</span> 
     </span>
     <span class='ocr_line' id='line_1_34' title="bbox 338 3312 695 3389; baseline 0.011 -22"><span class='ocrx_word' id='word_1_244' title='bbox 338 3315 459 3388; x_wconf 90' lang='lat' dir='ltr'>tempus</span> <span class='ocrx_word' id='word_1_245' title='bbox 482 3312 695 3389; x_wconf 89' lang='lat' dir='ltr'>opportunius.</span> 
     </span>
    </p>

    <p class='ocr_par' dir='ltr' id='par_1_7' title="bbox 337 3391 1262 3636">
     <span class='ocr_line' id='line_1_35' title="bbox 418 3391 1259 3473; baseline 0 -20"><span class='ocrx_word' id='word_1_246' title='bbox 418 3391 595 3453; x_wconf 85' lang='lat' dir='ltr'>Secunda</span> <span class='ocrx_word' id='word_1_247' title='bbox 636 3395 797 3473; x_wconf 89' lang='lat' dir='ltr'>petitio:</span> <span class='ocrx_word' id='word_1_248' title='bbox 858 3394 1060 3453; x_wconf 89' lang='lat' dir='ltr'>Adveniat</span> <span class='ocrx_word' id='word_1_249' title='bbox 1102 3412 1259 3471; x_wconf 89' lang='lat' dir='ltr'>regnum</span> 
     </span>
     <span class='ocr_line' id='line_1_36' title="bbox 338 3475 1260 3556; baseline 0 -21"><span class='ocrx_word' id='word_1_250' title='bbox 338 3480 449 3537; x_wconf 87' lang='lat' dir='ltr'>tuum.</span> <span class='ocrx_word' id='word_1_251' title='bbox 492 3476 608 3535; x_wconf 89' lang='lat' dir='ltr'>Primus</span> <span class='ocrx_word' id='word_1_252' title='bbox 642 3476 755 3556; x_wconf 87' lang='lat' dir='ltr'>gradus</span> <span class='ocrx_word' id='word_1_253' title='bbox 790 3483 837 3537; x_wconf 84' lang='lat' dir='ltr'>est</span> <span class='ocrx_word' id='word_1_254' title='bbox 869 3476 1035 3537; x_wconf 89' lang='lat' dir='ltr'>secuudum</span> <span class='ocrx_word' id='word_1_255' title='bbox 1073 3475 1260 3555; x_wconf 83' lang='lat' dir='ltr'>apostolum,</span> 
     </span>
     <span class='ocr_line' id='line_1_37' title="bbox 337 3557 1262 3636; baseline 0.002 -19"><span class='ocrx_word' id='word_1_256' title='bbox 337 3557 461 3636; x_wconf 89' lang='lat' dir='ltr'>quando</span> <span class='ocrx_word' id='word_1_257' title='bbox 492 3560 659 3619; x_wconf 84' lang='lat' dir='ltr'>exterioris</span> <span class='ocrx_word' id='word_1_258' title='bbox 686 3559 820 3620; x_wconf 87' lang='lat' dir='ltr'>hominis</span> <span class='ocrx_word' id='word_1_259' title='bbox 850 3561 914 3619; x_wconf 87' lang='lat' dir='ltr'>vita</span> <span class='ocrx_word' id='word_1_260' title='bbox 943 3578 1004 3619; x_wconf 91' lang='lat' dir='ltr'>non</span> <span class='ocrx_word' id='word_1_261' title='bbox 1027 3557 1142 3619; x_wconf 91' lang='lat' dir='ltr'>mundo</span> <span class='ocrx_word' id='word_1_262' title='bbox 1165 3560 1262 3619; x_wconf 89' lang='lat' dir='ltr'>servit</span> 
     </span>
    </p>
   </div>
   <div class='ocr_carea' id='block_1_7' title="bbox 247 3639 1259 3721">
    <p class='ocr_par' dir='ltr' id='par_1_8' title="bbox 247 3639 1259 3721">
     <span class='ocr_line' id='line_1_38' title="bbox 247 3639 1259 3721; baseline 0.003 -23"><span class='ocrx_word' id='word_1_263' title='bbox 247 3656 250 3662; x_wconf 87' lang='grc'><strong>’</strong></span> <span class='ocrx_word' id='word_1_264' title='bbox 338 3639 393 3699; x_wconf 92' lang='lat' dir='ltr'>sed</span> <span class='ocrx_word' id='word_1_265' title='bbox 414 3641 494 3714; x_wconf 85' lang='lat' dir='ltr'>Deo,</span> <span class='ocrx_word' id='word_1_266' title='bbox 516 3643 595 3701; x_wconf 90' lang='lat' dir='ltr'>sicut</span> <span class='ocrx_word' id='word_1_267' title='bbox 617 3641 699 3720; x_wconf 87' lang='lat' dir='ltr'>dicit,</span> <span class='ocrx_word' id='word_1_268' title='bbox 721 3661 833 3721; x_wconf 88' lang='lat' dir='ltr'>corpus</span> <span class='ocrx_word' id='word_1_269' title='bbox 856 3649 957 3702; x_wconf 87' lang='lat' dir='ltr'>autem</span> <span class='ocrx_word' id='word_1_270' title='bbox 980 3661 1041 3702; x_wconf 93' lang='lat' dir='ltr'>non</span> <span class='ocrx_word' id='word_1_271' title='bbox 1064 3642 1259 3702; x_wconf 85' lang='lat' dir='ltr'>fornicationi</span> 
     </span>
    </p>
   </div>
   <div class='ocr_carea' id='block_1_8' title="bbox 336 3723 1261 4054">
    <p class='ocr_par' dir='ltr' id='par_1_9' title="bbox 336 3723 1261 4054">
     <span class='ocr_line' id='line_1_39' title="bbox 337 3723 1260 3803; baseline 0.001 -21"><span class='ocrx_word' id='word_1_272' title='bbox 337 3723 392 3783; x_wconf 89' lang='lat' dir='ltr'>sed</span> <span class='ocrx_word' id='word_1_273' title='bbox 410 3724 554 3800; x_wconf 89' lang='lat' dir='ltr'>Domin0‚</span> <span class='ocrx_word' id='word_1_274' title='bbox 577 3731 609 3785; x_wconf 90' lang='lat' dir='ltr'>et</span> <span class='ocrx_word' id='word_1_275' title='bbox 628 3726 759 3785; x_wconf 83' lang='lat' dir='ltr'>avaritia</span> <span class='ocrx_word' id='word_1_276' title='bbox 781 3725 931 3803; x_wconf 85' lang='lat' dir='ltr'>quaedam</span> <span class='ocrx_word' id='word_1_277' title='bbox 955 3723 1175 3785; x_wconf 86' lang='lat' dir='ltr'>estidolorum</span> <span class='ocrx_word' id='word_1_278' title='bbox 1199 3742 1260 3783; x_wconf 88' lang='lat' dir='ltr'>ser-</span> 
     </span>
     <span class='ocr_line' id='line_1_40' title="bbox 336 3806 1259 3886; baseline 0.003 -22"><span class='ocrx_word' id='word_1_279' title='bbox 336 3807 431 3881; x_wconf 86' lang='lat' dir='ltr'>vitus,</span> <span class='ocrx_word' id='word_1_280' title='bbox 463 3814 494 3865; x_wconf 84' lang='lat' dir='ltr'>et</span> <span class='ocrx_word' id='word_1_281' title='bbox 519 3806 638 3885; x_wconf 89' lang='lat' dir='ltr'>reliqua</span> <span class='ocrx_word' id='word_1_282' title='bbox 664 3808 718 3868; x_wconf 87' lang='lat' dir='ltr'>illa</span> <span class='ocrx_word' id='word_1_283' title='bbox 746 3808 875 3886; x_wconf 87' lang='lat' dir='ltr'>gentilia</span> <span class='ocrx_word' id='word_1_284' title='bbox 896 3815 928 3867; x_wconf 86' lang='lat' dir='ltr'>et</span> <span class='ocrx_word' id='word_1_285' title='bbox 950 3807 1072 3867; x_wconf 86' lang='lat' dir='ltr'>ethnica</span> <span class='ocrx_word' id='word_1_286' title='bbox 1087 3808 1169 3869; x_wconf 83' lang='lat' dir='ltr'>&#39;vitia</span> <span class='ocrx_word' id='word_1_287' title='bbox 1190 3809 1209 3866; x_wconf 89' lang='lat' dir='ltr'>i.</span> <span class='ocrx_word' id='word_1_288' title='bbox 1233 3827 1259 3867; x_wconf 89' lang='lat' dir='ltr'>e.</span> 
     </span>
     <span class='ocr_line' id='line_1_41' title="bbox 338 3890 1261 3969; baseline 0.003 -24"><span class='ocrx_word' id='word_1_289' title='bbox 338 3906 442 3947; x_wconf 85' lang='lat' dir='ltr'>crasso</span> <span class='ocrx_word' id='word_1_290' title='bbox 475 3896 506 3948; x_wconf 91' lang='lat' dir='ltr'>et</span> <span class='ocrx_word' id='word_1_291' title='bbox 526 3890 718 3969; x_wconf 70' lang='lat' dir='ltr'>palpabilia,</span> <span class='ocrx_word' id='word_1_292' title='bbox 753 3911 773 3949; x_wconf 90' lang='lat' dir='ltr'>a</span> <span class='ocrx_word' id='word_1_293' title='bbox 800 3891 909 3969; x_wconf 85' lang='lat' dir='ltr'>quibus</span> <span class='ocrx_word' id='word_1_294' title='bbox 938 3890 1008 3949; x_wconf 90' lang='lat' dir='ltr'>dum</span> <span class='ocrx_word' id='word_1_295' title='bbox 1032 3891 1214 3965; x_wconf 88' lang='lat' dir='ltr'>avertimur,</span> <span class='ocrx_word' id='word_1_296' title='bbox 1242 3908 1261 3948; x_wconf 91' lang='lat' dir='ltr'>a</span> 
     </span>
     <span class='ocr_line' id='line_1_42' title="bbox 337 3970 1261 4054; baseline 0.006 -27"><span class='ocrx_word' id='word_1_297' title='bbox 337 3988 436 4048; x_wconf 89' lang='lat' dir='ltr'>regno</span> <span class='ocrx_word' id='word_1_298' title='bbox 458 3970 594 4052; x_wconf 87' lang='lat' dir='ltr'>Aegypti</span> <span class='ocrx_word' id='word_1_299' title='bbox 621 3974 656 4045; x_wconf 72' lang='lat' dir='ltr'>in⁴</span> <span class='ocrx_word' id='word_1_300' title='bbox 679 3994 807 4054; x_wconf 89' lang='lat' dir='ltr'>regnum</span> <span class='ocrx_word' id='word_1_301' title='bbox 829 3973 888 4033; x_wconf 90' lang='lat' dir='ltr'>Dei</span> <span class='ocrx_word' id='word_1_302' title='bbox 910 3974 1083 4033; x_wconf 82' lang='lat' dir='ltr'>transimus.</span> <span class='ocrx_word' id='word_1_303' title='bbox 1127 3971 1188 4035; x_wconf 84' lang='lat' dir='ltr'>Sed</span> <span class='ocrx_word' id='word_1_304' title='bbox 1210 3972 1261 4033; x_wconf 90' lang='lat' dir='ltr'>hic</span> 
     </span>
    </p>
   </div>
   <div class='ocr_carea' id='block_1_9' title="bbox 0 0 1542 4750">
    <p class='ocr_par' dir='ltr' id='par_1_10' title="bbox 0 0 1542 4750">
     <span class='ocr_line' id='line_1_43' title="bbox 0 0 1542 4750; baseline 0 1"><span class='ocrx_word' id='word_1_305' title='bbox 0 0 1542 4750; x_wconf 95' lang='lat' dir='ltr'> </span> 
     </span>
    </p>
   </div>
  </div>
 </body>
</html>
