3075 4750
218 533 231 546 ,
275 540 283 546 ·
344 461 406 532 136
672 463 821 532 Sermones
839 454 950 516 liutheri

344 633 558 713 reverendum,
580 633 635 696 sed
658 633 721 711 his,
753 633 806 712 qui
830 633 930 692 soiuut
951 649 1021 692 sese
1041 647 1104 690 non
1127 624 1268 688 suffioera

346 717 584 780 sanotifieationi
616 718 698 799 eius,
732 722 842 777 eontra
871 714 1022 795 pollutum
1058 718 1090 772 et
1122 710 1184 770 vile
1211 710 1267 788 his,

345 803 399 882 qui
420 807 532 882 putant
553 821 587 861 se
607 799 685 861 illud
706 801 782 860 satis
805 797 1022 859 sanetifioasse.
1066 793 1156 857 Unde
1181 811 1267 854 sane

345 893 410 945 tum
433 883 584 945 Hebraeis
606 889 746 961 voeatur,
768 881 852 962 quod
875 887 1049 960 separatum
1071 883 1127 956 est,
1143 884 1183 958 ,et
1198 876 1268 937 Deo

345 967 405 1028 soli
432 966 561 1044 dicatur,
585 985 664 1045 quae
684 965 838 1044 separatio
861 963 896 1024 fit
910 965 1078 1043 reciproce,
1101 958 1269 1024 seeundum
1299 974 1302 980 ·

347 1058 409 1109 tres
437 1048 613 1128 praedictos
642 1047 766 1130 gradus.
810 1047 975 1128 Separatur
996 1047 1112 1126 primo,
1143 1043 1269 1124 quando

345 1151 404 1192 nos
425 1151 445 1192 a
464 1132 602 1211 profanis
623 1150 814 1212 separamur,
836 1129 947 1190 christi
964 1130 1046 1190 enirn
1068 1132 1219 1188 vocantur
1240 1131 1271 1186 et

348 1215 456 1293 saneti,
479 1220 511 1275 et
531 1216 602 1274 iusti
624 1212 677 1275 filii
699 1214 775 1292 Dei,
804 1213 858 1273 sed
887 1213 965 1273 haee
991 1213 1097 1272 omnia
1125 1230 1164 1270 ex
1185 1209 1270 1288 De03

345 1297 525 1376 polluuntur
549 1305 652 1358 autem
687 1296 766 1356 haee
789 1297 909 1375 omnia,
939 1296 965 1356 si
987 1294 1113 1375 indigne
1132 1293 1193 1352 illis
1216 1311 1270 1352 no·

346 1379 480 1440 minibus
508 1380 646 1440 vivimus.
690 1378 833 1439 Secundo
868 1397 1062 1458 separamur,
1097 1372 1222 1454 quando
1252 1395 1271 1434 a

346 1461 437 1523 nobis
458 1469 599 1543 negatur,
619 1481 657 1522 ao
684 1462 814 1522 desolo
838 1461 905 1522 Deo
936 1481 992 1542 per
1020 1459 1165 1520 humilem
1196 1477 1269 1518 eon-

346 1545 512 1606 sessionem
535 1545 713 1606 affirmatur.
756 1544 814 1604 Est
835 1545 916 1604 enim
939 1562 1053 1604 nomen
1072 1543 1140 1619 Dei,
1161 1543 1271 1620 iustus,

345 1628 455 1705 bonus,
479 1648 590 1708 verax,
619 1629 754 1707 sapiens.
797 1627 882 1688 Haeo
904 1628 1012 1687 omnia'
1030 1627 1055 1686 si
1077 1624 1166 1686 nobis
1188 1621 1273 1684 affirss

344 1729 480 1788 mamus,
509 1711 688 1790 polluimus,
716 1729 755 1769 ao
783 1710 828 1769 sio
856 1711 955 1789 prima
985 1709 1182 1790 separatione
1210 1719 1270 1767 nos

343 1791 560 1872 iustificamur,
594 1792 731 1853 secunda
758 1813 862 1853 rursus
894 1793 1044 1853 efficimur
1077 1796 1270 1872 peooatores,
1378 1813 1379 1854 Τ

345 1875 417 1953 quia
437 1895 495 1955 per
516 1874 646 1955 primam
669 1875 824 1952 discimus,
847 1875 920 1954 quid
943 1877 1098 1936 simusex
1120 1873 1167 1934 his
1190 1892 1270 1952 quae

345 1978 459 2036 sumus,
481 1976 519 2018 ao
547 1959 572 2018 si
594 1959 625 2018 in
647 1957 785 2019 secunda
806 1956 895 2019 nobis
917 1957 1070 2036 nostrum,
1089 1957 1156 2017 Deo
1180 1975 1268 2016 suum

345 2037 512 2102 tribuinius.
555 2041 641 2102 Siout
674 2041 755 2101 enim
789 2042 888 2120 prima
916 2040 1162 2101 sanotifleatione
1195 2057 1268 2118 pau·
1378 2053 1379 2080 ¹

280 2150 286 2166 ·
343 2143 434 2203 peres
457 2123 607 2184 efficimur
628 2125 659 2184 in
681 2125 818 2184 externis
840 2123 942 2200 rebus,
963 2125 1008 2184 ita
1027 2121 1163 2184 seeundo
1181 2141 1269 2188 sane

344 2205 514 2266 titieatione
542 2208 573 2266 in
604 2207 749 2284 internis,
780 2205 889 2285 quibus
921 2213 1005 2268 reate
1035 2205 1178 2286 perfectis
1209 2205 1268 2265 nisi

346 2289 441 2350 homo
464 2291 587 2370 penitus
610 2289 741 2350 mundus
764 2291 814 2368 sit,
836 2291 898 2349 iam
917 2291 1009 2350 tertia
1023 2287 1269 2349 sanetifioatione

344 2392 457 2433 nomen
486 2374 545 2434 Dei
574 2372 801 2450 sanctificaret,
836 2374 908 2452 quia
938 2394 1013 2453 prae
1044 2371 1216 2433 humilitate
1238 2378 1271 2431 et

345 2456 463 2516 vilitate
485 2476 542 2517 sua
564 2477 626 2518 non
649 2456 743 2517 audet
768 2457 938 2518 nominare.
981 2455 1086 2518 Tertio
1115 2470 1190 2535 ergo
1221 2474 1268 2514 sa-

343 2544 468 2619 paratur
494 2539 533 2599 ab
558 2540 717 2599 immundo
748 2558 804 2599 usu
832 2546 865 2599 et
889 2539 1067 2601 irreverenti
1097 2538 1197 2614 onitu,
1237 2543 1270 2598 et

342 2620 393 2681 hio
415 2627 463 2681 est
483 2641 634 2682 summum
657 2621 811 2682 fastidium
834 2620 1012 2701 eultus'Dei,
1035 2621 1153 2682 scilieet
1175 2621 1269 2681 timor

344 2711 477 2763 sanatus.

425 2784 640 2848 Corollarium.
684 2786 802 2867 Hisqni
820 2788 938 2848 suntin
959 2787 1056 2869 gradu
1078 2787 1178 2868 primo
1201 2804 1265 2847 non

344 2874 392 2927 est
420 2874 559 2929 sanetum
581 2888 641 2929 neo
661 2869 809 2947 terribile,
832 2872 874 2929 ,in
897 2870 1033 2931 seeundo
1062 2875 1110 2931 est
1142 2868 1268 2949 quidem
1294 2872 1297 2877 ’
1378 2894 1379 2937 t

344 2957 482 3010 sanetum
505 2957 647 3031 respectu
668 2954 756 3032 primi
775 2952 909 3033 gradus,
938 2953 992 3014 sed
1023 2953 1159 3014 nondum
1182 2954 1267 3013 terri-
1378 2948 1379 2999 i

345 3032 417 3111 bile,
440 3052 479 3093 aa
498 3054 553 3113 per
574 3034 635 3095 hoe
657 3055 717 3095 nea
738 3042 801 3095 tum
825 3044 963 3097 sanetum
986 3036 1138 3115 perfecte,
1160 3036 1191 3095 in
1208 3042 1267 3095 ter-
1378 3084 1379 3099 ,

345 3116 389 3177 tio
410 3123 512 3176 autem
537 3124 585 3178 est
605 3137 678 3178 vere
700 3125 856 3197 sanetum,
886 3121 958 3199 quia
979 3118 1113 3179 terribile
1135 3124 1166 3178 et
1187 3138 1268 3177 sum-

345 3217 394 3260 rne
416 3199 603 3262 venerabile.
645 3201 763 3261 Primus
785 3201 897 3281 gradus
915 3209 963 3262 est
978 3202 1199 3282 insipientium,
1220 3220 1268 3261 se·
1378 3188 1379 3259 i

345 3280 463 3345 nundus
473 3273 711 3363 proficientium,
722 3278 833 3343 tertius
849 3286 1070 3364 perfectorum,
1091 3304 1161 3344 nam
1176 3284 1267 3363 primi

343 3363 699 3445 mnasonem-respectu
725 3372 874 3427 externae
900 3368 1059 3449 vanitatis,
1092 3365 1147 3427 sed
1178 3366 1267 3445 peius
1378 3348 1379 3399 Ὗ

345 3446 489 3527 polluunt
508 3448 629 3509 interna
649 3448 837 3527 profanitate
858 3450 915 3511 sibi
934 3449 1087 3531 plaoendo
1102 3451 1133 3513 in
1156 3450 1267 3509 saneti-

341 3535 405 3591 tate
435 3538 556 3610 coepta.
600 3529 673 3591 ldeo
709 3530 749 3591 de
782 3532 842 3592 illis
872 3534 996 3614 proprie
1023 3533 1147 3611 dieitur,
1181 3531 1267 3611 quod
1378 3564 1379 3595 r

243 3675 258 3687 ,
341 3631 404 3673 uon
427 3619 475 3673 est
490 3613 588 3673 timor
608 3614 666 3673 Dei
696 3621 769 3675 ante
798 3615 906 3681 oeulos
936 3634 1058 3693 eorum,
1090 3621 1122 3675 et
1150 3632 1265 3675 nomen

342 3694 401 3754 Dei
423 3714 479 3775 per
500 3714 556 3757 eos
578 3695 826 3776 blasphematur,
849 3698 919 3757 dnm
943 3698 1000 3759 sibi
1022 3697 1097 3758 illud
1121 3696 1266 3759 tribuunt.

343 3775 418 3837 ideo
450 3778 531 3838 tertii
559 3779 620 3839 iam
647 3781 739 3842 etiam
761 3800 781 3840 a
804 3800 838 3840 ae
861 3782 1133 3861 repulso'nomine
1154 3780 1212 3840 Dei
1234 3781 1264 3840 in

344 3858 414 3919 sola
442 3880 499 3920 sua
525 3860 644 3923 vilitate
677 3869 709 3922 et
738 3863 908 3924 nihileitats
930 3864 987 3925 Dei
1010 3882 1124 3925 nomen
1146 3870 1269 3943 ponunt

343 3958 380 3999 aa
401 3951 594 4025 reverentur,
621 3952 772 4025 negantes
794 3966 829 4007 se
849 3948 964 4027 iustos,
993 3947 1111 4028 bonos,
1145 3947 1266 4027 sapien-
