3075 4750
358 476 422 547 244
669 484 802 553 Quaero
822 488 856 543 de
874 491 979 549 virium

359 669 455 729 imtue
476 668 510 730 in
530 670 621 732 onel‘o
642 669 770 726 mutum.
804 658 891 723 siout
911 661 1002 743 igitur
1021 662 1116 727 homo
1133 666 1207 727 'eine
1229 685 1286 731 uo·

359 751 478 813 luutete
497 752 558 813 inte
579 771 643 815 non
665 752 728 823 eet,
755 745 801 807 ite
830 762 891 810 nee
908 745 975 806 uine
996 765 1035 807 ee
1057 755 1218 831 opero-tur,
1253 757 1285 811 et

359 852 415 915 per
441 834 502 897 hoe
531 856 591 897 neo
624 835 691 895 eine
724 833 854 908 peomto
888 836 945 891 eet.
999 829 1164 906 Quomodo
1198 832 1284 895 euim

360 919 427 978 eine
448 936 487 978 ee
508 920 630 1000 operari
651 917 776 995 posset,
804 911 855 989 qui
883 912 949 972 sine
971 932 1009 975 ee
1030 916 1136 977 vivere
1158 922 1190 977 et
1212 934 1284 977 eree

359 1018 423 1061 non
444 1003 569 1080 potent?
610 1000 663 1063 Sio
684 995 767 1057 enim
789 994 938 1073 seriptum
959 994 1049 1059 dioit:
1079 1000 1147 1078 quis
1169 998 1284 1081 glorio

360 1082 439 1144 bitur
460 1102 495 1143 ee
516 1081 683 1145 mundum?
705 1084 737 1138 et
751 1076 799 1137 ed
820 1075 888 1139 Gal.
911 1078 953 1139 V:
988 1079 1068 1142 Coro
1091 1082 1285 1163 oonoupiooit

359 1164 506 1229 adversm
528 1168 668 1249 spiritum
689 1167 722 1225 et
742 1160 864 1239 spiritus
886 1159 1033 1225 adversus
1048 1184 1183 1244 curnem,
1204 1164 1285 1225 haee

359 1250 440 1311 euim
469 1248 540 1312 duo·
562 1250 620 1312 sibi
647 1247 778 1309 invicem
809 1244 1046 1327 contrudentur,
1079 1255 1113 1309 ut
1140 1266 1205 1309 non
1235 1242 1285 1327 eir,

358 1350 439 1411 quee
454 1334 559 1413 vultis,
581 1333 710 1395 ferietis.
796 1364 800 1379 ›
970 1389 973 1399 ,
1275 1391 1277 1399 ,

441 1416 545 1479 Tertio
572 1435 628 1497 per
653 1412 729 1475 illud
751 1408 832 1470 Psoi.
856 1405 988 1473 CXLIII:
1023 1413 1103 1475 Non
1124 1414 1221 1475 intres
1252 1414 1284 1473 in

358 1497 502 1560 iudicium
525 1519 594 1561 oum
615 1516 706 1559 servo
734 1500 804 1571 tuo,
832 1490 980 1576 Domine,
1014 1498 1087 1577 quia
1113 1516 1178 1559 nou
1199 1497 1284 1558 iusti-

358 1578 497 1646 fieubitur
518 1584 549 1643 iu
566 1587 734 1661 eonspeotu
749 1582 802 1636 tuo
820 1575 919 1639 omnis
934 1580 1051 1661 vivens.
1083 1580 1142 1657 Hie
1155 1598 1283 1659 quaero,

358 1683 399 1725 un
419 1664 472 1725 ille
493 1667 600 1743 inetur,
623 1664 674 1743 qui
697 1661 821 1743 fingitur
843 1676 911 1719 cum
932 1661 1139 1742 pulcherrimo
1162 1664 1284 1743 merito,

358 1747 518 1817 eotuuditer
546 1748 652 1826 fuerit,
687 1752 779 1825 atque
808 1743 847 1803 sit
878 1742 958 1807 inter
988 1764 1043 1807 eos
1065 1744 1283 1823 numerandus,

358 1831 556 1911 quivivunt,
578 1850 652 1911 ergo
674 1848 737 1891 non
758 1824 970 1889 iustifloubitur
990 1830 1022 1892 iu
1044 1830 1154 1892 merito
1177 1847 1247 1901 suo.

713 2018 914 2080 Rationes.

389 2131 408 2142 ’Χ
441 2157 623 2239 Quicunque
643 2160 745 2220 minue
772 2144 860 2237 facin
893 2176 985 2237 quam
1016 2157 1123 2238 debet,
1156 2164 1284 2239 peeeet3

359 2241 455 2303 iustus
477 2232 675 2325 beneieoiens
697 2242 796 2302 minus
817 2240 899 2321 fouit,
922 2258 1013 2320 quem
1035 2240 1136 2306 debet.
1169 2240 1206 2303 E.
1229 2242 1283 2303 Mi-

358 2343 465 2396 norem
487 2325 605 2406 prob03
627 2326 699 2406 quie
720 2324 893 2406 quicunque
915 2342 978 2386 non
991 2322 1084 2406 plene
1098 2331 1130 2386 et
1144 2324 1285 2406 perfeeto

269 2414 278 2438 ¹
358 2407 416 2470 Dei
430 2407 595 2471 dilectione
613 2408 728 2471 bonum
739 2407 822 2487 facit,
841 2408 940 2470 miuus
962 2409 1044 2487 feeit,
1068 2427 1160 2488 quam
1173 2407 1282 2470 debet:

357 2490 505 2554 Maiorem
527 2492 625 2574 probo
647 2511 703 2572 per
716 2489 792 2552 iliud
814 2497 1027 2571 praeceptum:
1041 2490 1152 2574 ¹Dilige
1173 2492 1279 2554 Domi·
1373 2511 1374 2523 ¹

357 2594 429 2636 num
450 2574 549 2637 Deum
569 2582 657 2637 tuum
677 2594 717 2636 ex
737 2573 911 2636 totocorde
933 2580 997 2653 tuo,
1019 2594 1059 2636 ex
1074 2574 1146 2637 totio
1162 2573 1278 2638 viribus

356 2658 431 2738 trie,
459 2657 498 2720 de
528 2677 588 2738 quo
616 2658 766 2719 Dominus
781 2655 893 2721 Matth.
916 2655 958 2717 V:
992 2676 1085 2718 unum
1105 2659 1194 2738 dote,
1225 2666 1281 2722 eut
1372 2669 1373 2697 ¹

358 2760 435 2802 unus
456 2761 538 2821 apex
564 2761 627 2802 non
654 2739 764 2821 peribit
785 2759 804 2800 u
823 2738 916 2821 Lege.
957 2739 1057 2803 Nemo
1092 2743 1208 2824 poterit
1239 2761 1280 2821 er

357 2825 429 2884 totis
461 2824 574 2886 viribus
603 2823 748 2904 diligere3
785 2823 857 2904 quie
889 2822 1032 2887 noluntas
1065 2823 1097 2884 iu
1125 2843 1218 2886 earne
1248 2832 1279 2885 et
1371 2859 1372 2871 κ

358 2907 502 2970 membris
523 2906 652 2992 impedit
677 2906 759 2968 hane
786 2904 986 2986 totalitatem,
1034 2912 1067 2968 ut
1108 2926 1173 2971 non
1211 2913 1279 2980 totu

356 2989 494 3061 membre
515 3010 569 3052 eeu
591 2992 671 3072 vires
693 2989 824 3070 diligunt
839 2988 948 3072 Deum,
970 2988 1026 3052 eed
1042 2990 1157 3053 resistit
1169 2989 1280 3052 volun·
1370 3017 1371 3045 i

356 3074 421 3135 teti.
463 3072 525 3149 Sed
552 3073 658 3134 dieunt
690 3071 749 3146 illi,
782 3091 845 3134 non
872 3073 998 3151 requirit
1025 3073 1086 3136 hoo
1105 3071 1279 3154 perfeetum
1369 3125 1370 3128 η

358 3154 534 3218 mundatum
554 3157 639 3217 Deus
659 3176 679 3215 u
699 3154 800 3219 uobis.
843 3153 1042 3236 Respondeo,
1061 3175 1082 3217 u
1103 3175 1163 3236 quo
1187 3157 1280 3238 igitur

356 3239 540 3318 requiritur?
583 3239 707 3300 Dixitne
728 3235 882 3318 lapidibus
909 3244 941 3300 et
968 3239 1075 3320 lignis,
1099 3259 1138 3300 en
1166 3259 1279 3322 peuen-
1368 3285 1369 3288 ,

356 3319 495 3389 toribus?
536 3322 627 3384 Rom.
651 3321 706 3382 111:
734 3321 854 3382 Scimus
885 3321 966 3402 quod
993 3321 1116 3402 quando
1138 3321 1205 3384 Lex
1233 3324 1277 3386 lo-

357 3406 547 3485 (ruiturum,
578 3405 630 3484 qui
660 3405 691 3468 iu
725 3404 812 3486 lege,
846 3402 885 3464 de
919 3424 976 3466 ouo
1005 3411 1091 3486 sunt,
1125 3403 1279 3488 ¹loquitur;

356 3507 431 3569 ergo
459 3489 549 3555 nobie
577 3493 776 3568 praeceptum
804 3494 865 3566 est,
895 3494 926 3548 et
946 3508 966 3548 u
991 3489 1081 3549 nobis
1102 3488 1278 3570 requiritur.

357 3569 421 3650 Per!
441 3573 532 3635 istum
559 3571 754 3632 falsissimum
784 3571 1019 3651 intelligentium
1041 3571 1123 3634 Deus
1146 3591 1211 3634 non
1233 3593 1278 3635 re·
1366 3603 1367 3608 ¹

356 3655 489 3733 quireret
517 3655 752 3740 perfectionem:
797 3654 909 3718 iustum
939 3646 1017 3734 ests
1036 3661 1068 3716 ut
1107 3654 1278 3736 diceretur5

356 3755 419 3805 uon
441 3744 489 3801 ert
508 3743 669 3818 peceatum
693 3737 837 3817 quioquid
860 3737 964 3800 miuus
991 3735 1172 3818 plenissime
1201 3741 1277 3802 eori-

356 3826 421 3881 tute
445 3819 515 3898 fiet3
544 3827 578 3890 at
603 3819 635 3881 id
663 3820 734 3881 ideo
763 3839 826 3882 non
854 3821 995 3900 requirit,
1029 3821 1100 3901 quin
1130 3822 1278 3904 ignoscit,

354 3992 551 4066 praeoeptum
574 4005 663 4058 ouum
682 3993 857 4086 mutasset&
878 3986 959 4066 quod
988 3992 1035 4048 eet
1056 3994 1165 4062 oouue
1187 4009 1277 4060 quum

1364 3771 1366 3919 i

356 3921 419 3962 non
451 3904 523 3983 quie
554 3905 593 3964 sit
626 3902 741 3965 licitum
775 3910 807 3965 et
834 3921 896 3964 non
929 3909 1106 3984 peecatum3
1137 3905 1277 3986 alioquin
1364 3921 1365 3932 ³
