3075 4750
629 541 654 592 a,
676 523 745 582 urs
762 523 880 578 nanu.-
1143 515 1204 586 139

278 685 435 772 incipiunt
455 694 581 774 propria
599 695 677 754 vitia
696 693 818 754 Israelis
839 695 871 754 in
894 691 1032 767 deserto,
1065 689 1136 751 ideo
1160 707 1205 750 se-

280 775 397 836 cundus
431 775 545 857 gradus
575 784 622 837 est
648 777 887 857 proficientium,
922 776 974 854 qui
1006 793 1069 836 non
1098 776 1203 834 sinunt

279 859 447 919 Dominum
469 880 598 940 regnare
620 881 712 941 super
739 881 791 937 se,
821 861 874 920 sed
908 878 993 918 suam
1022 858 1204 937 sapientiam

281 948 312 1001 et
332 943 493 1022 proprium
515 963 653 1024 sensum,
680 964 765 1004 suam
787 945 944 1004 iustitiam.
987 942 1019 1000 ln
1043 959 1103 1020 quo
1128 941 1203 1000 mire

281 1025 362 1085 Deus
391 1027 541 1103 irritatur,
574 1047 644 1086 narn
675 1029 752 1087 sicut
783 1025 1077 1107 populus·gentium
1101 1028 1132 1084 et
1153 1022 1203 1082 Ju-

281 1107 430 1168 daeorum
465 1108 581 1184 differt,
610 1110 653 1170 ita
680 1118 712 1170 et
738 1111 873 1170 iliaduo
898 1114 1026 1188 peccatu
1049 1106 1204 1166 differunt:

281 1210 374 1249 unum
397 1190 521 1270 quidem
544 1200 591 1253 cst
612 1187 841 1254 ad'extemam'
856 1199 1025 1251 creaturam
1042 1190 1204 1250 conversio

280 1281 310 1334 et
331 1274 452 1349 fruitio,
480 1275 609 1336 alterum
632 1274 671 1336 ad
692 1277 843 1336 internam
867 1281 1052 1350 creaturam,
1087 1273 1205 1332 scilicet

279 1357 380 1436 ipsam
402 1359 598 1418 aversionem
620 1359 659 1419 ab
683 1366 811 1419 externa
837 1358 1057 1431 conversione,
1089 1361 1123 1414 ut
1153 1355 1204 1433 qui

280 1459 341 1499 non
366 1438 459 1501 rebus
481 1441 648 1502 fornicatur
669 1462 687 1501 a
708 1443 793 1518 Deo,
816 1461 883 1501 oum
906 1442 974 1520 ipsa
996 1438 1095 1498 adhuc
1117 1439 1206 1498 casti-

279 1530 341 1582 tate
370 1523 553 1601 fornicetur,
583 1525 761 1604 superbiens
790 1545 826 1586 ac
856 1524 981 1603 placens
1010 1521 1082 1597 sibi,
1115 1527 1145 1580 et
1172 1522 1203 1580 in

282 1605 426 1665 omnibus
450 1626 506 1666 sua
527 1625 695 1685 quaerens,
718 1627 755 1668 ac
776 1627 832 1688 per
854 1607 915 1667 hoo
932 1623 1032 1684 regno
1054 1603 1114 1663 Dei·
1133 1602 1204 1662 insi-

279 1687 386 1766 dians,
420 1689 519 1768 ipsum
547 1691 577 1750 in
601 1691 724 1751 exilium
747 1697 935 1770 pervertens.
979 1688 1016 1747 Hi
1038 1691 1123 1764 sunt,
1154 1687 1204 1765 qui

279 1777 362 1830 stant
391 1771 424 1830 in
453 1791 509 1833 suo
540 1773 639 1852 primo
667 1774 777 1854 gradu,
807 1775 869 1833 imo
900 1773 987 1852 peius
1009 1769 1206 1841 retrocedunt

279 1873 371 1931 quam
394 1855 496 1933 prius3
519 1858 569 1934 qui
592 1875 666 1916 vero
689 1856 862 1937 proficiunt,
884 1875 1005 1934 semper
1021 1861 1129 1946 petunt
1143 1869 1204 1912 ma-

280 1938 325 2079 Ξὶε
348 1955 388 1994 ac
409 1939 507 2018 magis
529 1938 694 1998 Dominum
717 1959 863 2020 regnare,
891 1958 954 1999 nou
976 1943 1127 2017 quaerunt
1148 1935 1204 1995 sibi

301 2019 425 2098 aulem,
460 2021 510 2098 qui
536 2023 753 2102 interpretatur
779 2023 926 2100 abutens,
956 2021 1007 2082 hic
1029 2026 1076 2080 est
1097 2037 1204 2078 sensus

281 2101 606 2181 abutens,·inchoato
634 2125 730 2186 regno
753 2104 825 2181 Dei,
852 2105 925 2165 inde
954 2106 1031 2164 sicut
1052 2104 1083 2161 iu
1105 2103 1203 2182 primo

281 2183 378 2264 gradu
401 2204 463 2245 non
486 2186 542 2246 tuit.
565 2207 603 2247 eo
625 2189 736 2248 metior
755 2189 786 2247 in
809 2188 918 2267 Israel,
947 2188 990 2246 ita
1013 2188 1042 2246 iu
1068 2183 1203 2244 secundo

282 2285 343 2327 nou
367 2274 416 2327 est
436 2270 525 2348 peior
547 2289 595 2330 co.
637 2271 758 2332 Tertius
786 2271 899 2352 gradus
921 2275 969 2331 est
989 2269 1204 2349 perfectorum,

281 2351 385 2431 utqui
412 2351 472 2411 iam
495 2352 625 2414 futurum
649 2376 778 2436 regnum
808 2361 931 2435 petunt,
964 2354 995 2413 in
1030 2369 1089 2431 quo
1119 2350 1203 2411 solus

282 2433 365 2494 Deus
389 2436 494 2495 omnia
515 2438 544 2497 in
569 2439 710 2499 omnibus
733 2446 795 2517 est,
833 2440 920 2516 vivit,
949 2436 1027 2516 agit,
1060 2432 1143 2512 quod
1171 2434 1203 2491 in

281 2516 338 2577 hac
360 2517 426 2577 vita
446 2536 510 2579 non
532 2518 580 2599 fit,
610 2522 673 2582 imo
702 2542 824 2602 semper
851 2518 965 2599 aliquid
993 2524 1131 2578 nostrum
1152 2515 1202 2575 vel

282 2598 396 2659 diaboii
419 2600 450 2658 in
472 2601 562 2662 nobis
586 2611 750 2685 corregnet
772 2612 803 2664 et
830 2620 1029 2683 corregnare,
1061 2601 1124 2659 imo
1155 2616 1202 2659 so·

281 2682 341 2740 ium
365 2702 496 2762 regnare
518 2688 644 2763 quaerit.
687 2687 766 2747 Vide
788 2688 908 2766 itaque,
931 2684 980 2744 ubi
1000 2683 1129 2760 dixeris,
1152 2680 1203 2740 ad-

281 2766 386 2824 veniat
408 2784 536 2846 regnum
553 2775 648 2846 tuum,
672 2770 829 2849 quomodo
849 2768 1022 2830 confitearis
1048 2766 1091 2842 (si
1110 2764 1205 2825 corde

281 2846 433 2925 dixeris),
467 2856 498 2909 te
525 2870 593 2912 csse
622 2853 652 2911 in
685 2852 794 2930 exitio,
825 2860 856 2912 et
879 2852 936 2913 sub
958 2848 1120 2930 tyrannide
1142 2848 1203 2907 dia

281 2929 361 3008 boii,
396 2932 501 2991 mundi
535 2941 565 2993 ct
596 2937 696 2995 carnis
719 2943 805 3011 tuae,
842 2935 892 2995 ubi
915 2934 966 2994 lex
988 2932 1203 3010 membrorum,

280 3014 453 3093 imperante
481 3014 620 3092 diabolo,
653 3020 732 3094 regit
757 3025 789 3077 te
811 3018 849 3083 ad
872 3023 1033 3098 peccatum
1056 3021 1087 3075 et
1108 3034 1204 3075 onera

282 3098 494 3159 conscientiae
520 3100 737 3179 importabilia.
781 3101 838 3160 Hic
860 3101 940 3161 enim
962 3101 1066 3180 iugum
1089 3099 1203 3176 oneris,

283 3185 311 3238 et
333 3180 424 3261 virga
444 3181 560 3242 humeri
584 3191 615 3243 et
638 3191 791 3263 sceptrum
816 3184 970 3244 exactoris
992 3184 1130 3260 sentitur,
1153 3200 1203 3239 ne-

281 3280 339 3339 que
363 3262 443 3323 ullus
466 3284 599 3344 unquam
623 3272 771 3347 tyrannus
796 3268 840 3326 sio
861 3268 979 3346 exegit,
1013 3266 1057 3325 sic
1079 3282 1203 3344 oppres-

279 3346 332 3421 sit,
355 3346 402 3405 sio
424 3348 565 3407 oneravit
585 3368 622 3408 ac
644 3348 688 3409 sio
709 3349 854 3427 subiecit,
886 3350 964 3409 sicut
986 3347 1126 3408 diabolus
1148 3364 1204 3426 per

279 3430 546 3509 concupiscentias
579 3432 679 3492 carnis
713 3439 744 3493 et
776 3432 879 3491 mundi
914 3439 1022 3492 onerat
1044 3430 1202 3491 conscien-

278 3511 367 3589 tiam,
391 3512 474 3591 quod
497 3514 547 3593 qui
572 3515 678 3592 sentit,
701 3516 833 3596 suspirat
855 3516 973 3594 utique,
1005 3519 1038 3573 ut
1058 3510 1203 3571 adveniat

278 3612 408 3673 reguum
430 3596 489 3656 Dei
512 3604 543 3657 et
564 3605 665 3658 cesset
687 3618 765 3658 onus
800 3606 831 3658 et
853 3599 974 3657 exactio
997 3596 1050 3655 illa
1071 3595 1101 3652 in
1125 3611 1202 3673 pace
1264 3634 1268 3641 -

278 3680 490 3739 conscientiae
522 3685 553 3740 et
580 3683 744 3742 securitate
775 3679 1001 3741 misericordiae
1030 3676 1096 3736 Dei.
1140 3674 1200 3736 Sed

278 3759 354 3821 heu!
377 3757 471 3841 quarn
494 3763 579 3824 multi
602 3764 662 3824 hoc
686 3766 791 3845 iugum
814 3771 844 3823 st
866 3782 944 3824 onus
956 3759 1124 3839 Babylonis
1146 3758 1201 3818 fer-

279 3863 363 3904 reum
385 3852 496 3925 putant
517 3845 783 3907 iucundissimum!
814 3848 865 3924 qui
891 3845 993 3905 rident
1014 3850 1044 3901 et
1066 3841 1203 3923 gaudent

279 3926 333 3989 illo
355 3929 454 4008 premi
476 3935 509 3989 et
529 3935 660 4009 tyranno
683 3929 781 3991 subdi.
822 3930 924 3989 Minus
947 3927 1051 3987 omnia
1067 3927 1204 3988 iumenta

280 4013 425 4091 serviunt,
448 4031 540 4091 quam
561 4013 627 4093 isti,
650 4014 700 4092 qui
723 4032 797 4073 vera
819 4017 890 4071 sunt
909 4012 1060 4088 iumenta,
1083 4010 1137 4071 sed
1159 4010 1202 4069 in-
