3075 4750
605 513 631 557 a
652 497 723 561 uu
742 497 841 559 miti.
1131 493 1174 569 67

262 667 352 734 babet
372 667 495 734 timonis
516 672 582 752 nei,
604 677 636 734 et
654 691 761 734 rursus
779 679 899 735 tantam
911 666 1013 734 ‘habet
1036 672 1180 753 malitiae,

262 763 407 836 quantum
428 761 613 820 eontemtuu.
1040 776 1043 783 ·

589 861 855 928 Corollarium.

342 962 421 1024 Cum
460 982 523 1025 nou
560 964 773 1027 tantummodo
812 984 909 1046 opera
940 973 1049 1028 eontra
1076 962 1181 1046 legem

264 1043 320 1106 Dei
349 1045 429 1107 fiant
455 1065 525 1106 eum
553 1053 709 1109 contemtu
730 1047 788 1110 Dei
819 1056 851 1111 et
879 1051 946 1112 eine
968 1052 1092 1127 timore,
1125 1047 1180 1110 aed

262 1130 352 1190 etiam
375 1148 475 1208 opera
496 1129 663 1191 seeundum
685 1125 803 1212 legem2
820 1138 908 1212 patet
927 1131 1011 1212 quod
1032 1151 1095 1193 non
1116 1137 1181 1193 tan·

262 1219 324 1272 tum
346 1213 442 1292 mala,
464 1211 634 1282 sedetiam
655 1212 740 1276 bona
762 1234 858 1296 opera
880 1217 1001 1296 possint
1021 1235 1090 1276 esse
1134 1234 1182 1276 ec·

263 1301 344 1374 eata,
367 1314 450 1378 quae
473 1295 591 1357 seilicet
610 1315 718 1358 secure
739 1317 777 1358 ae
795 1318 851 1377 per
871 1296 932 1360 hoe
953 1297 1084 1378 superbe
1106 1236 1183 1358 dunt

263 1380 327 1439 uine
350 1380 464 1440 timore
476 1378 544 1440 Dei.
557 1377 741 1462 Secundum,
764 1382 844 1441 sieut
857 1383 975 1442 timenti
988 1381 1085 1442 Deum
1099 1380 1183 1442 nulla

263 1468 309 1524 eet
328 1459 492 1542 diligentia
521 1461 732 1544 eligendorum
763 1483 890 1544 operum
920 1465 1112 1541 necessaria,
1139 1465 1183 1526 ita

262 1545 469 1606 nontimenti
495 1544 580 1606 nullu
606 1542 764 1627 diligentia
793 1548 867 1608 satis
896 1555 944 1610 est
970 1545 1182 1629 eligendorum

264 1646 402 1708 operum.
446 1627 545 1706 Patet,
557 1630 703 1708 quoniam
717 1629 767 1690 hie
789 1630 876 1692 multi
887 1637 1018 1712 aguntur
1028 1627 1183 1710 spiritibus

263 1711 372 1772 erroris
400 1711 553 1792 eligentes
582 1712 659 1774 talia
685 1731 795 1793 opera,
826 1733 905 1793 quae
935 1711 1094 1779 aoniiduut
1114 1711 1182 1773 Deo

263 1794 425 1876 placitura,
441 1813 510 1857 eum
522 1795 595 1856 talia
606 1814 731 1875 prorsus
743 1795 828 1856 nulla
840 1799 901 1857 sint
910 1795 1123 1862 tantummodo
1135 1797 1183 1872 *),

264 1883 295 1938 ut
322 1877 499 1957 orationes,
532 1877 693 1958 ieiunium,
727 1878 848 1960 vigilias
879 1887 938 1946 ete.
985 1879 1073 1943 Haee
1102 1879 1183 1939 enim

264 1965 324 2020 tum
347 1959 481 2041 placent
499 1965 530 2021 et
549 1960 639 2023 bona
655 1968 734 2040 sunt,
756 1962 782 2022 si
803 1982 871 2025 enm
894 1964 1004 2032 timore
1020 1964 1078 2024 Dei
1099 1961 1184 2038 fiant,

264 2043 341 2104 sieut
362 2050 396 2104 et
419 2039 502 2123 opus'
518 2044 658 2122 sartoris,
687 2046 815 2125 sutoris,
837 2047 1015 2125 consulum,
1037 2044 1183 2128 principia

263 2133 292 2186 et
312 2126 524 2206 cuiuscunque
547 2129 620 2194 artis
643 2134 675 2188 et
696 2127 799 2208 offleii.
840 2129 883 2191 At
903 2148 985 2190 nune
1000 2129 1044 2191 illi
1066 2129 1184 2209 eligunt

263 2207 344 2288 talia,
366 2215 515 2296 tanquam
537 2230 648 2290 perse
669 2210 830 2290 placitura,
851 2231 922 2293 eum
943 2213 993 2273 hie
1014 2211 1110 2290 dieat,
1133 2212 1184 2354 gui

263 2293 349 2360 timet
369 2293 473 2354 Deum
486 2291 560 2353 facit
580 2293 672 2371 bona,
695 2296 782 2375 quasi
804 2295 929 2375 diceret,
951 2297 977 2354 si
1000 2295 1110 2379 aliquia
1155 2313 1184 2354 e·

263 2376 314 2437 bet
334 2376 440 2439 faeere
464 2376 560 2460 bona,
587 2396 715 2437 neeesse
737 2385 784 2439 est
806 2386 879 2439 ante
900 2380 1005 2439 omnia
1025 2386 1058 2439 ut
1079 2380 1186 2439 timeat

264 2458 373 2540 Deum,
397 2459 522 2543 qundei
533 2479 596 2521 nnn
609 2462 704 2541 timet,
726 2460 836 2522 frustra
848 2460 975 2523 confidit
997 2481 1066 2521 sese
1083 2461 1185 2523 faeere

265 2542 357 2607 bona.
404 2542 466 2603 Sed
488 2563 543 2623 pro
564 2543 773 2607 declaratione
795 2545 903 2616 maiori
926 2545 1089 2625 quaeritur,
1111 2562 1184 2623 qun-

265 2626 358 2689 modo
381 2627 485 2706 possit
506 2624 664 2687 timorDei
686 2628 801 2689 bunum
823 2626 895 2707 quid
917 2647 995 2706 ense,
1018 2619 1087 2700 eum
1109 2627 1185 2694 alin
1230 2680 1233 2684 Α
1325 2645 1329 2659 “

265 2708 348 2789 quod
372 2706 498 2771 timetur
519 2710 559 2769 sit
581 2710 722 2775 odiosum
743 2717 775 2772 et
797 2731 860 2773 non
881 2710 1028 2795 optabile,
1049 2717 1083 2771 ut
1104 2729 1185 2772 eom-

266 2812 357 2855 mune
393 2790 509 2853 dietum
537 2800 594 2855 eat.
644 2794 677 2857 Β.
707 2786 938 2876 Hieronymus?
962 2814 1054 2875 quem
1087 2795 1186 2872 times,
1244 2799 1247 2808 “

268 2875 354 2936 odias
378 2894 510 2937 neeesse
531 2882 593 2955 θεῖς
612 2874 697 2937 Deus
720 2884 821 2944 autem
844 2880 884 2941 sit
899 2898 1050 2940 summum
1071 2878 1187 2945 bonum

266 2978 449 3038 summeque
470 2958 619 3021 amabilis.
662 2958 779 3022 Natura
806 2968 910 3022 autem
932 2962 1049 3025 timonis
1069 2968 1133 3039 est,
1155 2968 1189 3019 ut

268 3044 374 3122 cupiat
394 3040 426 3103 id
446 3062 511 3105 non
533 3062 620 3120 esse,
642 3042 724 3123 quod
748 3046 849 3123 timet,
872 3046 917 3105 sie
938 3045 1020 3106 enim
1040 3040 1187 3120 infernus,

268 3126 311 3185 sie
333 3145 430 3204 mors,
453 3118 693 3207 sie‘paupertas,
716 3128 761 3186 sie
778 3126 982 3207 quodeunque
1004 3127 1088 3188 aliud
1103 3128 1188 3188 time·

156 3288 157 3293 ¹
270 3216 325 3289 tur,
348 3211 382 3269 iu
403 3208 632 3284 hunemodum,
655 3216 688 3270 ut
708 3216 831 3289 optetur
844 3231 907 3272 non
930 3230 999 3271 esse
1012 3216 1043 3271 et
1057 3229 1188 3272 cessare.

270 3290 387 3373 Optare
415 3297 517 3353 autem
546 3292 645 3353 Deum
673 3312 736 3353 non
761 3312 831 3353 esse
862 3313 982 3354 summa
1003 3312 1189 3356 summarum

269 3374 464 3457 blasphemia
485 3378 545 3437 est:
568 3394 642 3460 ergo
666 3376 772 3437 timere
783 3376 894 3460 Deum,
914 3378 934 3442 i.
957 3397 984 3439 e.
1006 3376 1105 3442 Deum
1128 3395 1189 3438 ma-

270 3456 422 3539 ledicere,
445 3458 516 3537 ¹quia
538 3465 584 3521 est
606 3464 712 3538 optaie
741 3459 769 3535 ei
791 3461 942 3531 summum
969 3460 1099 3538 malum,
1127 3478 1190 3521 nun

271 3560 352 3619 esee,
376 3560 439 3601 nou
454 3541 567 3619 vivere,
589 3560 651 3601 uon
675 3543 865 3621 possenna
882 3562 1002 3623 sapere,
1024 3539 1190 3619 nouvelle,

271 3643 335 3685 uon
348 3625 553 3703 eliminatum,
575 3644 690 3704 verum,
713 3623 831 3686 bonum
846 3632 903 3687 ete.
934 3626 1004 3687 Non
1020 3627 1111 3707 igitur
1125 3642 1188 3683 mo·

272 3726 331 3769 veo
346 3706 427 3767 hana
440 3708 665 3786 quaestionem,
686 3716 719 3769 ut
740 3708 872 3787 videant,
898 3728 989 3788 quam
1010 3709 1100 3788 pauci
1121 3707 1191 3785 sint,

273 3791 323 3869 qui
347 3789 446 3852 Deum
469 3789 663 3866 benedicant,
686 3790 823 3869 laudent,
843 3791 1029 3874 glorificent,
1051 3796 1083 3851 et
1097 3808 1190 3869 quam

274 3873 390 3953 gande
412 3874 453 3935 eit
474 3893 551 3955 opus
562 3873 746 3935 benedicere
758 3874 858 3937 Deum
880 3894 962 3935 vere.
1004 3872 1082 3961 Nam
1105 3873 1192 3963 mulli

486 3995 694 4009 *νῇ-

327 4026 359 4096 ’*)
381 4024 430 4080 llic
449 4040 548 4081 senene
567 4026 686 4082 vacillat.

932 4125 952 4186 5
964 4120 983 4160 a
