3075 4750
516 469 523 476 ’
615 503 642 545 a
661 487 731 546 raro
749 487 845 544 notu.
998 522 1000 528 ·
1143 480 1186 552 89
1282 565 1290 584 ⁸

268 675 337 718 meo
349 675 447 718 sensu
462 657 579 737 loquar,
587 659 686 738 primo
699 663 823 738 oportet
835 674 1095 738 praesupponere,
1103 653 1186 734 quod

268 740 413 800 mulieres
436 740 484 802 bis
503 742 690 802 accesserint
716 741 755 800 ad
778 741 950 822 sepulcrum
974 745 1005 799 et
1025 738 1072 800 bis
1094 738 1186 798 etiam

267 824 463 884 recesserint.
506 824 540 883 ln
560 824 709 904 principio
734 823 876 884 viderunt
897 823 1025 903 angelos
1058 827 1187 899 tanturn,

266 914 296 966 et
315 906 378 966 hoc
399 906 613 966 indicaverunt
633 907 806 986 discipulis,
826 905 1010 967 insecundo
1031 905 1186 965 neminem

249 988 425 1067 uiderunt,
457 988 509 1050 ubi
530 1009 593 1050 non
616 996 704 1050 erant
734 990 838 1066 solae,
871 989 924 1049 sed
953 989 1059 1048 Petrus
1083 994 1115 1048 et
1134 987 1186 1048 Jo-

266 1072 387 1132 hannes
410 1091 479 1132 curn
500 1073 586 1153 ipsis,
607 1075 639 1133 et
658 1081 731 1133 tunc
748 1073 855 1133 Petrus
877 1079 909 1132 et
928 1069 1186 1132 lohannesredi·

269 1163 359 1215 erunt
379 1155 523 1232 domum,
547 1156 691 1216 mulieres
718 1162 822 1216 autem
841 1163 914 1236 post
935 1173 988 1216 eos
1010 1154 1185 1229 intervallo.

265 1239 362 1298 Maria
382 1245 485 1298 autern
508 1237 609 1299 stabat
630 1247 662 1300 et
684 1240 796 1298 mansit
822 1237 903 1319 apud
933 1236 1122 1317 sepulcrum,
1155 1243 1187 1298 et

265 1329 337 1380 bruc
359 1322 469 1381 iterum
490 1321 567 1382 vidit
583 1321 713 1402 angelos
732 1328 764 1382 et
780 1321 942 1382 Christum.
981 1321 1043 1380 lsta
1056 1319 1187 1400 proban·

266 1412 328 1482 tur,
365 1405 533 1484 principio,
566 1405 638 1483 quia
668 1404 839 1464 Matthaeus
862 1411 893 1464 et
912 1405 1031 1464 Marcus
1053 1409 1188 1482 narrant,

265 1487 350 1566 quod
373 1486 515 1546 viderunt
535 1494 568 1546 et
587 1487 648 1546 hoo
675 1487 839 1548 currebant
859 1488 1006 1547 nunciare
1027 1486 1187 1565 apostolis,

265 1572 347 1629 sicut
369 1578 401 1630 et
421 1570 567 1632 iecerunt.
611 1569 671 1630 Sed
698 1577 729 1630 et
754 1570 841 1630 addit
867 1589 941 1630 mox
963 1569 1134 1629 Matthaeus
1157 1575 1188 1629 et

264 1653 377 1712 transit
399 1651 439 1713 de
461 1654 560 1733 primo
581 1671 706 1713 recessu
727 1653 766 1712 ad
789 1653 973 1724 secundum,
994 1653 1118 1712 dicens:
1147 1651 1188 1712 Et

265 1754 333 1795 curn
369 1737 449 1795 irent
479 1736 624 1796 nunciare
653 1736 826 1816 apostolis,
853 1736 984 1797 occurrit
1005 1735 1065 1794 illis
1086 1735 1187 1814 Jesus,

264 1818 347 1897 quod
382 1824 485 1878 autem
517 1820 548 1878 in
576 1820 676 1898 primo
700 1837 827 1878 recessu
850 1821 893 1879 eis
918 1838 979 1880 non
1002 1819 1187 1899 apparuerit,

264 1901 429 1961 manifeste
450 1901 548 1960 Lucas
570 1901 658 1979 dicit,
692 1901 775 1980 quod
797 1902 941 1962 mulieres
963 1903 1124 1962 terruerint
1145 1901 1188 1960 di-

264 1984 402 2064 scipulos
424 1983 571 2063 dicendo,
593 2003 628 2044 se
648 1984 826 2065 angelorum
849 1985 999 2045 visionem
1022 1985 1136 2045 vidisse
1157 1989 1189 2044 et

265 2067 420 2146 quosdam
441 2067 563 2145 abiisse,
585 2087 661 2148 ergo
681 2068 819 2128 nondum
837 2069 881 2128 eis
899 2074 1091 2148 apparuerat,
1113 2067 1187 2127 alio-

265 2153 336 2229 quin
375 2151 468 2210 etiam
506 2150 665 2211 dixissent.
721 2150 864 2212 Secundo
905 2170 1066 2230 suppono,
1104 2149 1187 2229 quod

264 2226 439 2293 Matthaeus
461 2239 492 2293 et
512 2233 632 2293 Marcus
646 2233 816 2312 loquentes
837 2234 876 2294 de
897 2233 959 2293 uno
981 2232 1093 2312 angelo
1116 2252 1185 2311 sup·

263 2324 386 2397 ponunt
414 2317 629 2394 ministerium,
658 2317 729 2396 quia
756 2335 834 2377 unus
856 2323 972 2378 tantum
997 2315 1116 2377 locutus
1139 2322 1186 2376 est

264 2402 383 2477 exeis,
407 2400 504 2459 Lucas
527 2408 628 2460 autern
649 2408 680 2460 et
700 2401 860 2461 lohannes
889 2399 928 2460 de
950 2398 1084 2477 duobus,
1114 2399 1187 2477 quia

174 2492 180 2500 '
263 2502 336 2543 vere
360 2483 424 2543 duo
446 2490 541 2542 eraut.

322 2566 422 2645 Igitur
432 2572 549 2625 textum
562 2566 746 2641 ordinemus,
761 2573 792 2626 et
809 2564 1042 2626 concordemus.
1075 2564 1184 2624 Mara:

263 2648 396 2709 Etcum
421 2650 582 2709 transisset
603 2648 800 2727 sabbathum,
822 2649 919 2709 Maria
939 2646 1132 2727 Magdalena,
1155 2653 1187 2707 et

263 2731 361 2793 Maria
381 2731 489 2807 altera,
520 2732 617 2791 Maria
643 2731 753 2793 lacobi
776 2739 807 2792 et
838 2731 972 2793 Salome.
1025 2730 1110 2793 Luc:
1147 2730 1188 2790 Et

263 2816 415 2893 quaedam
447 2833 515 2874 cum
545 2816 598 2876 eis.
641 2814 709 2875 Hoc
730 2815 857 2885 verbum
879 2815 980 2875 Lucae
1001 2814 1098 2874 nostri
1120 2820 1184 2874 tex-

263 2906 310 2957 tus
332 2916 397 2958 non
420 2897 543 2975 habeut,
565 2898 659 2958 habet
678 2904 780 2958 antem
798 2898 943 2959 Graecus
958 2905 989 2958 at
1005 2897 1185 2957 Laurentius

263 2980 364 3042 Valla.
408 2980 529 3040 Matth:
553 2981 701 3041 Emeruut
721 2989 874 3059 aromata,
896 2988 930 3041 ut
950 2982 1109 3041 venientes
1132 3000 1185 3039 un·

264 3069 375 3142 gerent
395 3063 513 3123 lesum.
547 3063 616 3125 Hoc
632 3064 770 3123 feceruut
790 3065 821 3123 in
845 3083 914 3124 sero
937 3064 1087 3139 sabbathi,
1111 3082 1185 3143 quo-

266 3147 348 3207 niam
369 3147 430 3205 iarn
444 3147 601 3225 inceperat
612 3165 741 3225 vespere
762 3148 918 3225 sequentis
930 3146 1000 3224 diei,
1022 3154 1094 3207 tuna
1106 3165 1186 3207 eme·

262 3236 316 3290 unt
339 3235 496 3306 aromata,
521 3236 554 3288 ut
575 3249 643 3289 curn
666 3229 799 3289 crastina
821 3231 961 3290 venirent
983 3237 1014 3291 et
1036 3236 1186 3310 ungerent

262 3312 379 3372 lesum.
416 3312 539 3371 Matth:
561 3312 699 3392 Vespere
713 3319 814 3372 autem
826 3312 975 3391 sabbathi,
998 3332 1076 3393 quae
1089 3313 1197 3373 luces·'

263 3397 304 3455 cit
314 3397 348 3455 in
366 3395 467 3474 pn'rna
483 3393 631 3455 sabbathi.
675 3394 743 3455 Hoc
763 3396 862 3455 estin
884 3398 1035 3457 matutino
1058 3396 1117 3456 diei
1137 3413 1183 3454 se·

474 3543 683 3556 ——t—

259 3635 301 3679 tos
324 3642 389 3679 esse
417 3627 492 3692 1516,
507 3626 572 3679 inde
589 3626 762 3695 intelligitur,
776 3626 850 3693 quod
860 3643 917 3679 *una
927 3644 988 3680 cum
1002 3618 1182 3693 explicatione

260 3697 356 3749 deceni
377 3704 588 3767 praeceptorum
608 3698 796 3763 habebantur,
822 3698 888 3751 haec
915 3707 1005 3751 autem
1022 3696 1181 3763 explicatio,

260 3769 364 3836 populo
386 3768 617 3838 Vittembergensi
637 3764 809 3837 praedicata,
829 3786 902 3822 anno
923 3772 990 3823 1517
1011 3768 1054 3819 die
1075 3783 1096 3817 s.
1117 3766 1182 3816 Mat·

262 3840 333 3893 thiae
354 3840 414 3906 (24.
436 3838 530 3909 Febr.)
551 3840 679 3894 absoluta
698 3848 746 3892 est.
768 3838 1181 3894 ethoeaoheriRetbrrnntions·

263 3918 322 3962 acta
340 3912 361 3962 l.
383 3926 409 3978 p.
432 3912 493 3965 ula.
531 3913 642 3981 legitur
658 3911 731 3980 apud
747 3912 891 3965 boeschen
918 3912 936 3962 l.
959 3926 983 3979 p.
1001 3911 1054 3965 ‘270
1070 3924 1129 3977 sqq.
1149 3912 1176 3960 et

266 3983 368 4036 Walrh.
393 3982 461 4044 llll,
483 3999 509 4051 p.
532 3984 603 4039 2198
621 3998 680 4052 sqq.
