3075 4750
604 531 630 572 s.
651 513 721 572 rme
739 515 836 570 tastu.
1125 501 1187 570 137

269 693 329 766 tes,
351 705 497 765 veraces,
520 685 650 747 acideo
671 687 831 765 timentes,
859 689 1052 760 reverentes,
1075 679 1190 760 magni-

267 770 395 831 ficantes
418 769 515 830 solius
537 770 594 830 Dei
615 789 740 831 nomen.

347 854 396 914 Idx
412 854 474 914 isto
496 858 598 914 autem
620 859 716 933 patet,
740 851 812 933 quid
830 852 870 911 sit
890 851 954 910 vita
975 855 1082 911 nostra
1102 865 1188 927 prae·
1238 871 1243 888 =

268 955 356 1014 sens,
386 942 420 996 et
440 937 486 996 sic
506 936 541 998 B.
564 936 736 1016 Cyprianus
763 935 852 1014 dicit,
884 953 942 996 nos
965 931 1125 994 admoneri
1158 930 1189 991 in

267 1020 419 1100 petitione
440 1019 548 1098 quinta
568 1039 626 1080 nos
649 1039 719 1081 esse
740 1025 938 1099 peccatores,
961 1018 1048 1094 dum,
1071 1015 1191 1076 dimitte

268 1104 357 1163 nobis
378 1102 501 1179 debita,
532 1108 640 1182 petere
660 1101 816 1164 docemur.
859 1103 906 1163 Ite
928 1102 1067 1182 fereper
1089 1101 1190 1180 singu-

269 1187 313 1246 las
336 1184 505 1266 particulas
527 1185 714 1246 credendum
751 1193 812 1265 est,
845 1205 904 1246 nos
940 1184 1029 1245 simul
1064 1200 1191 1243 monere

268 1268 471 1329 bumilitatem
493 1274 525 1327 et
545 1270 698 1330 miseriem
721 1276 868 1330 nostram.
911 1268 1002 1344 Quod
1024 1268 1049 1326 si
1070 1268 1115 1326 ito
1134 1271 1191 1351 pst,

269 1353 335 1431 quis
357 1358 408 1412 est
428 1369 562 1429 unquam
585 1353 747 1432 inventus,
769 1353 821 1431 qui
843 1353 936 1414 tantis
959 1351 1070 1428 titulis,
1099 1349 1191 1410 tantis

268 1434 432 1495 verborum
455 1434 571 1495 viribus
593 1442 719 1496 nostrae
742 1437 825 1496 vitae
847 1434 1037 1516 tragoediam
1068 1451 1191 1512 expres·

269 1519 322 1596 sit,
350 1519 432 1577 sicut
458 1516 509 1576 hic
536 1535 615 1577 unus
642 1519 787 1599 exprimit
812 1520 843 1578 in
875 1519 943 1580 sola
971 1517 1111 1578 oratione
1133 1517 1193 1574 iste

269 1601 470 1662 brevissima?
512 1600 625 1660 Nonne
657 1601 698 1662 ad
727 1621 878 1662 summum
908 1601 1027 1678 odium,
1057 1597 1191 1658 taedium

270 1691 300 1744 et
319 1684 480 1744 horrorem
499 1684 582 1744 vitae
603 1684 693 1744 huius
714 1704 777 1745 non
807 1686 1001 1762 exhortatur,
1039 1683 1090 1762 qui
1124 1699 1191 1760 sep-

270 1773 328 1827 tem
351 1768 496 1827 miseriae
517 1765 613 1826 titulis
635 1787 703 1827 eam
727 1769 874 1830 accuset?
910 1766 986 1843 Quis
1007 1785 1075 1826 eam
1098 1766 1191 1825 vitam

269 1869 330 1910 uun
354 1850 499 1911 omnibus
522 1849 654 1910 lacrimis
682 1850 806 1932 dignam
835 1857 935 1932 putet,
969 1869 1059 1931 quam
1088 1847 1194 1907 audiat

270 1933 421 2013 appellari
443 1934 542 2013 primo
564 1934 697 1994 nominis
717 1933 775 1994 Dei
805 1933 1043 2014 blasphemiam,
1081 1933 1192 1991 irreve-

269 2017 415 2091 rentiam,
444 2013 664 2097 pollutionem3
703 2016 840 2078 secundo
868 2017 993 2078 exilium
1023 2017 1191 2076 animarum

270 2107 300 2158 et
320 2099 409 2179 regni
431 2099 489 2159 Dei
511 2116 548 2158 ac
570 2099 706 2159 Dominii
729 2099 988 2178 subtractionem,
1022 2099 1113 2158 tertio
1148 2097 1191 2157 in-

271 2181 483 2242 obedientiam
499 2200 538 2241 ac
558 2181 759 2243 rebellionem
783 2182 906 2244 divinae
923 2189 955 2244 et
966 2183 1102 2262 optimae
1122 2183 1192 2250 (vo-

270 2265 434 2341 luntatis),
465 2283 503 2324 ao
524 2265 569 2324 sic
589 2266 794 2325 resistentiam
817 2285 936 2326 summo
959 2265 1042 2326 bonu
1065 2284 1084 2322 a
1107 2282 1192 2324 mero

270 2348 351 2409 malo
374 2347 503 2426 lactam3
537 2354 645 2427 quarto
675 2356 845 2429 egestatem
869 2356 900 2411 et
921 2349 1080 2429 penuriam
1104 2346 1192 2427 panis

270 2439 299 2492 et
320 2432 484 2492 universae
507 2433 698 2491 necessitatis
726 2441 757 2493 et
785 2434 994 2514 profusionem
1018 2431 1140 2490 enimse
1162 2433 1194 2488 et

269 2515 425 2595 eorporis3
446 2515 553 2592 quinto
571 2518 847 2595 transgressionem
862 2515 1015 2576 assiduam
1032 2519 1063 2573 et
1083 2530 1191 2592 pecca

270 2606 331 2657 tum
354 2603 472 2676 totum3
495 2603 585 2657 sextu
608 2597 683 2657 nihil
700 2599 787 2683 pliud
810 2600 867 2659 nisi
890 2600 971 2658 intus
995 2600 1026 2656 et
1046 2596 1120 2656 foris
1141 2612 1193 2653 un-

269 2680 362 2760 dique
385 2681 587 2740 tentationem
616 2686 648 2740 et
674 2683 844 2761 periculum
873 2700 911 2743 sc
931 2681 1017 2741 velut
1038 2677 1192 2738 assiduam

269 2763 494 2843 perditionem
525 2763 659 2842 septimo
682 2766 808 2825 nonnisi
826 2765 958 2842 melum,
980 2780 1130 2843 poenam,
1153 2760 1194 2822 el-

269 2845 451 2922 dictionem,
473 2852 527 2905 eut
544 2847 667 2925 spiritus
683 2848 714 2907 in
733 2854 880 2927 quantum
903 2865 1025 2907 carnem
1048 2845 1195 2925 sepimus,

270 2937 322 2989 aut
344 2930 446 2988 carnis
468 2930 498 2987 in
521 2937 668 3007 quantum
691 2932 830 3010 spiritum
853 2932 998 3010 sapimus,
1020 2934 1113 3007 atque
1134 2927 1195 2987 hoo

269 3014 370 3092 ipsum
392 3011 618 3091 incipiendum,
640 3018 672 3072 et
693 3011 732 3072 ad
753 3013 845 3093 illud,
874 3012 957 3092 quod
977 3012 1043 3071 sine
1064 3009 1126 3069 fine
1149 3016 1197 3069 est

270 3094 449 3170 tenendum.
492 3094 605 3173 Utique
637 3095 716 3155 haee
747 3098 816 3177 ipsa
850 3102 921 3156 sunt
943 3095 1131 3156 maximaet
1152 3094 1195 3153 in-

271 3179 443 3239 tentissime
476 3176 662 3257 significata,
693 3179 738 3238 sic
769 3187 805 3240 ut
832 3178 992 3259 quodlibet
1016 3177 1046 3237 in
1070 3195 1104 3236 se
1126 3176 1194 3237 solo
1241 3244 1246 3251 ,

271 3260 364 3342 digne
398 3258 588 3342 ponderetur
619 3267 651 3320 et
678 3260 859 3323 discutiatur
886 3280 953 3321 cum
978 3262 1042 3323 suis
1065 3259 1194 3319 annexis

270 3352 301 3404 et
312 3343 459 3423 sequelis,
478 3361 558 3422 quae
572 3345 678 3404 omnia
692 3343 732 3404 de
747 3344 838 3406 uobis
856 3344 1052 3421 affirmamus,
1071 3340 1194 3421 quando

271 3445 404 3487 ommes.
449 3424 613 3485 Ncn'enim
637 3446 805 3506 oraremus,
828 3428 854 3487 si
876 3428 906 3487 in
929 3427 1040 3487 talibus
1062 3444 1126 3485 non
1150 3442 1194 3483 es-

271 3528 391 3585 semus,
424 3514 478 3567 au't
509 3507 589 3568 lalso
618 3516 650 3568 et
678 3508 750 3571 ficte
773 3530 946 3588 oraremus,
981 3510 1052 3587 quia
1073 3524 1196 3583 semper

270 3594 412 3653 oratione
434 3591 558 3670 propria
579 3599 716 3652 nostram
740 3594 894 3654 miseriam
914 3591 1108 3667 confitemur,
1130 3589 1193 3647 imo

271 3673 411 3736 confiteri
444 3680 476 3733 et
501 3691 673 3756 agnoscere
698 3694 868 3736 monemur.
917 3676 964 3735 Ao
996 3692 1051 3753 per
1077 3672 1138 3730 hoc
1169 3670 1208 3729 si¹

272 3761 337 3838 quis
367 3776 431 3818 non
461 3754 520 3815 uisi
556 3758 728 3818 orationem
763 3778 849 3819 susm
885 3757 1086 3837 intelligeret,
1121 3752 1194 3811 eatis

271 3840 392 3902 abunde
414 3841 461 3899 sui
483 3845 514 3897 et
534 3839 592 3899 Dei
613 3842 832 3921 cognitionem.
846 3841 989 3917 haberet,
1017 3856 1057 3897 ex
1086 3834 1195 3915 quibus

274 3926 364 3984 etiam
395 3924 470 3983 satis
504 3920 657 3983 abundem
693 3943 816 4005 semper
843 3922 1074 3999 contritionem,
1114 3936 1196 3979 cum·

274 4008 473 4088 punctionem
501 4009 533 4063 et
561 4006 703 4067 lacrimas
729 4007 891 4068 inveniret.
934 4003 1022 4079 Quae
1047 4003 1128 4064 enim
1150 4000 1196 4060 vis
