3075 4750
349 447 412 519 282
699 452 810 509 llettini
827 451 939 513 lutheri

478 667 852 773 Reverendissimo
882 667 928 766 in
957 667 1130 769 christo

350 869 442 948 Patri,
456 869 664 933 illustrissimo
684 869 830 949 Domino,
841 869 986 946 Domine,
1008 869 1136 933 Alberto
1148 870 1274 952 Mcgde·

352 953 436 1048 burg.
464 971 501 1013 cc
526 953 743 1034 Mnguutinen„
761 951 921 1039 Ecclesiae
942 953 1189 1036 Archiepiscopo
1212 955 1274 1016 Pri·
1377 1000 1378 1047 ,

352 1042 443 1114 metr,
465 1035 635 1099 Marchioni
655 1034 865 1117 Brcndeburg.
887 1042 946 1099 etc.
967 1037 1103 1101 Domino
1126 1056 1184 1099 suo
1214 1045 1274 1100 etc.
1377 1052 1378 1087 r

351 1117 471 1179 Pastori
492 1118 523 1178 in
545 1117 684 1198 Christo,
706 1118 924 1266 vteineraltiliter
945 1117 1109 1183 metuendo
1144 1139 1183 1180 ac
1206 1141 1275 1202 gm-

748 1220 901 1269 csrssrmO.
971 1261 976 1270 .

719 1368 1026 1454 Jerus‘gg

315 1545 317 1549 ’
433 1535 570 1601 Gratiam
590 1535 699 1615 Deil),
721 1542 753 1598 et
775 1535 920 1616 quiequid
940 1542 1045 1616 potest
1067 1540 1097 1597 et
1119 1542 1177 1598 est.

433 1620 528 1680 Pcrce
555 1619 644 1699 mihi,
674 1617 932 1680 reverendissime
959 1620 990 1679 in
1019 1619 1141 1680 Christo
1173 1624 1273 1702 pcter,
1377 1648 1378 1655 κ

350 1704 494 1784 princeps
506 1702 719 1782 illustrissime,
742 1700 825 1782 quod
846 1721 906 1782 ego
929 1701 1001 1762 faex
1021 1701 1182 1764 hominum
1205 1708 1270 1763 tnu-

349 1792 413 1848 tum
436 1784 536 1846 habeo
559 1785 755 1864 temeritatis,
784 1792 818 1846 ut
837 1784 878 1845 cd
899 1785 1022 1846 eulmen
1042 1789 1115 1846 tuae
1136 1784 1272 1847 sublimi-

351 1869 422 1928 tatis
444 1887 536 1928 ausus
557 1867 666 1930 fuerim
689 1867 826 1948 cogitare
837 1867 1012 1948 epistolem,
1033 1868 1124 1928 testis
1133 1874 1182 1928 est
1195 1868 1273 1928 mihi
1377 1920 1378 1925 ,

350 1950 501 2013 Dominus
522 1949 623 2029 Jesus,
648 1950 730 2030 quod
752 1969 841 2011 meae
852 1949 1010 2031 parvitatis
1028 1957 1059 2012 et
1075 1949 1272 2030 turpitudinis
1328 1991 1341 2017 ‚-

352 2033 425 2095 mihi
447 2033 588 2094 conscius
616 2031 668 2094 diu
689 2035 750 2094 iem
774 2032 891 2112 distuli,
920 2032 1002 2113 quod
1023 2052 1106 2094 nunc
1126 2033 1274 2115 perfricta
1377 2036 1378 2103 l

352 2116 453 2178 fronte
473 2114 610 2196 perficio,
633 2121 791 2198 permotus
814 2135 906 2196 quam
927 2115 1179 2198 meximeuofficio
1197 2114 1272 2177 fide·
1377 2108 1378 2137 ³

350 2199 444 2261 litctis
466 2217 565 2278 mene,
584 2217 676 2279 quem
686 2199 721 2261 Τ.
734 2198 1011 2260 reverendissimae
1022 2199 1088 2260 Pet.
1101 2199 1133 2258 in
1148 2197 1272 2260 Christo
1327 2233 1339 2245 -
1377 2242 1378 2247 η

353 2280 469 2344 debere
495 2301 546 2342 me
573 2301 728 2362 agnosco,
766 2281 908 2362 dignetur
933 2281 1186 2362 itaquexinterim
1221 2288 1274 2361 tna
1377 2278 1378 2353 ξ

351 2363 509 2426 Oelsitudo
518 2361 550 2447 ²)
580 2365 701 2425 oculum
728 2363 767 2425 ad
795 2365 953 2445 pulverem
983 2383 1077 2426 unum
1098 2363 1273 2443 intendere,
1377 2395 1378 2418 i

353 2454 516 2594 etlhvotum
547 2466 649 2509 meum
680 2466 735 2530 pro
763 2454 819 2510 tun
838 2443 1008 2530 pontificali
1041 2443 1207 2509 clementia
1230 2449 1273 2507 in·
1377 2461 1378 2502 1

350 2537 381 2593 ts
407 2532 500 2611 'gere

436 2612 694 2675 circumferuntur
726 2610 942 2693 Indulgentiae
972 2612 1101 2694 papales
1132 2611 1190 2674 sub
1220 2618 1274 2678 tue

350 2696 596 2777 praeclarissimo
626 2694 715 2761 titulo
738 2695 778 2756 cd
803 2692 950 2772 fabricam
972 2694 1005 2755 S.
1026 2694 1124 2774 Petri,
1154 2696 1187 2757 in
1211 2695 1274 2775 qui-

351 2778 408 2842 bus
431 2797 496 2841 uon
517 2777 597 2860 eden
620 2777 1001 2859 eccuecpraedicctomm
1020 2778 1275 2856 exclamationes,

352 2880 428 2941 quas
449 2880 514 2923 non
535 2860 647 2938 audivi,
670 2860 724 2921 sed
746 2860 839 2923 doleo
858 2860 1039 2924 falsissimas
1050 2860 1275 2941 intelligentias

351 2944 458 3025 populi
480 2962 519 3003 ex
541 2944 600 3009 illis
622 2950 807 3024 conceptas,
838 2961 914 3021 quas
941 2943 1035 3024 vulgo
1057 2941 1193 3022 undique
1214 2944 1275 3005 icc

352 3034 427 3106 tent,
448 3025 602 3106 videlicet,
623 3025 706 3106 quod
728 3025 857 3089 eredunt
871 3025 1009 3087 infelices
1032 3027 1170 3105 animae,
1192 3028 1219 3089 si
1241 3026 1275 3087 li·
1301 3029 1307 3037 '

349 3114 433 3174 teras
453 3108 711 3190 indulgentiarum
732 3106 933 3185 redemerint,
961 3127 996 3169 se
1016 3127 1140 3171 secures
1163 3109 1273 3186 esse³)

299 3197 303 3204 ’
352 3188 512 3256 de'selute
532 3211 597 3253 suc.
640 3191 733 3271 item„
767 3190 851 3272 quod
877 3191 999 3254 animae
1025 3190 1064 3251 de
1091 3192 1273 3271 purgatorio

352 3276 455 3342 stetim
478 3274 613 3352 evolent,
634 3274 685 3337 nbi
708 3274 966 3337 contributionem
987 3274 1024 3346 in,
1040 3274 1149 3349 cirtem
1171 3276 1275 3335 conie-

352 3358 465 3418 ceriut:
489 3356 601 3418 deinde
628 3362 729 3417 tentes
761 3375 831 3417 esse
859 3351 915 3416 lies
943 3356 1075 3437 gratiae,
1102 3362 1136 3415 ut
1156 3356 1276 3419 nullum

352 3441 392 3501 sit
418 3439 497 3503 adeo
527 3458 673 3521 magnum
702 3446 880 3521 peceatum,
909 3440 1002 3501 etiam
1031 3441 1084 3517 (ut
1112 3438 1217 3513 aiunt)
1250 3440 1277 3498 si

350 3523 407 3603 pe'r
434 3522 625 3602 impossibile
656 3522 724 3601 quis
755 3527 887 3586 metrem
912 3520 970 3581 Dei
1001 3520 1167 3599 violasset,
1201 3523 1276 3601 quin

292 3632 300 3646 *
351 3606 451 3686 possit
472 3604 560 3667 solvi.
604 3604 697 3685 ltem,
723 3604 808 3683 quod
826 3604 920 3665 hemo
943 3622 999 3684 per
1017 3604 1093 3666 istus
1115 3602 1277 3685 indulgen·

352 3690 410 3753 tias
430 3688 508 3750 liber
529 3688 568 3749 sit
588 3686 626 3748 ab
651 3688 734 3771 nmni
756 3705 861 3767 poene
881 3694 913 3748 et
933 3684 1033 3767 culpe,

424 3870 452 3934 ι)
472 3870 508 3923 ns
529 3842 633 3923 unu:
664 3872 783 3938 granam
808 3872 837 3921 et
853 3832 1083 3933 misericordium}
1124 3870 1153 3938 2)
1173 3870 1275 3927 nawa

352 3944 400 3996 tue
417 3942 527 3998 interim
546 3940 688 3997 celsitudo.
725 3938 757 4010 3)
781 3940 816 3995 de
834 3940 891 3992 W.:
910 3937 986 4008 quod
1008 3943 1099 3995 securi
1121 3944 1186 3997 sint.
