3075 4750
355 493 397 562 68
678 493 827 548 Sermones
845 491 957 548 botheri

356 661 436 745 eunt,
458 665 586 744 quiere
607 664 721 727 emunt
741 669 775 724 et
793 663 902 744 legunt
921 661 1030 724 laudes
1051 661 1119 737 Dei,
1140 677 1271 740 quorum

356 755 458 810 tamen
481 766 535 808 oor
554 747 679 826 plenum
702 753 757 810 est¹
770 747 963 826 blasphemia
983 746 1059 823 Dei,
1080 744 1155 806 lieet
1178 743 1211 804 id
1227 745 1272 824 ip

356 852 421 892 sum
444 849 506 891 non
529 829 656 890 credant
677 849 735 892 neo
756 831 864 892 soiant.
906 829 954 888 De
982 827 1091 908 quibus
1121 827 1196 887 dioit
1217 847 1272 906 per

353 914 502 975 desaiam:
545 913 747 994 Hiopopulus
761 933 811 973 me
832 912 920 974 labiis
935 912 1078 990 honorat,
1101 916 1273 974 oorautem

353 1003 459 1057 eorum
487 996 582 1078 longe
612 1003 659 1056 est
688 1017 708 1056 a
735 1015 800 1075 me,
832 997 852 1056 i.
877 1014 904 1058 e.
934 993 1029 1054 eorde
1056 993 1138 1054 aliud
1165 994 1273 1073 utique

355 1079 545 1159 blasphemia
556 1086 651 1160 agunt
664 1099 755 1160 quam
768 1078 873 1142 labiis..
910 1077 1025 1153 Quales
1039 1077 1151 1136 Esaiae
1163 1083 1272 1156 quarto

355 1161 441 1222 dicit:
465 1161 916 1244 blasphemaveruntsanotum
938 1159 1047 1241 Israel3
1074 1165 1106 1220 et
1125 1158 1207 1239 apud
1229 1158 1273 1218 le-

355 1247 492 1324 remiam,
515 1265 622 1306 omnes
644 1245 834 1306 maledicunt
856 1245 937 1323 mihi,
961 1243 1035 1304 dicit
1054 1243 1221 1320 Dominus3
1243 1248 1275 1302 et

353 1327 411 1392 les.
440 1331 495 1404 52:
544 1329 585 1390 Et
615 1331 727 1409 iugiter
762 1328 991 1408 blasphematur
1022 1346 1136 1387 nomen
1170 1343 1273 1386 meum

353 1418 419 1473 tota
441 1411 499 1472 die.
542 1413 682 1492 Denique
705 1411 838 1491 etffinh,
859 1412 1025 1472 veritusne
1040 1409 1094 1469 filii
1115 1410 1162 1469 sui
1172 1409 1273 1468 Deum

353 1495 570 1578 benedixerint
582 1497 613 1555 in
636 1495 729 1556 eorde
753 1513 820 1575 suo,
843 1515 912 1554 oum
928 1495 1033 1572 utique
1054 1499 1273 1572 praesumeret,

354 1577 436 1657 quod
458 1578 672 1639 benedixerint
692 1598 761 1639 eum
783 1580 814 1638 in
838 1596 891 1639 ore
913 1594 984 1655 suo,
1011 1574 1196 1636 saerilloavit
1216 1593 1273 1655 pro

353 1661 414 1721 eis:
443 1667 542 1741 atque·
564 1663 615 1722 hio
643 1681 701 1722 vae
728 1661 877 1742 grandem
905 1663 1046 1720 timorem
1075 1665 1107 1719 et
1126 1658 1274 1719 horribile

351 1743 519 1824 perieulum
548 1747 630 1808 vitae
658 1753 784 1807 nostrae
811 1745 1018 1825 inspiciamus.
1071 1739 1151 1802 Vide
1180 1760 1273 1822 quam

352 1827 551 1888 vehementer
587 1827 753 1888 conformis
790 1830 829 1888 sit
861 1825 991 1887 mundus
1024 1825 1159 1885 inferno:
1200 1844 1273 1905 nam

354 1909 461 1971 omnis¹
476 1910 652 1988 damnatus,
681 1913 743 1972 imo
767 1912 867 1972 omnis
889 1914 1036 1991 peooator
1056 1909 1190 1968 moriens
1213 1905 1273 1968 sta-

353 1994 407 2054 tim
437 1995 545 2074 incipit
570 1993 668 2054 Deum
699 1995 914 2074 blasphemare
948 1998 979 2051 et
1005 1991 1049 2052 sie
1078 1991 1274 2072 permanebit

353 2077 419 2136 sine
442 2075 513 2137 fine.
556 2075 721 2152 Quomodo
746 2079 787 2139 sit
805 2074 883 2155 hoo,
907 2073 1073 2154 quaeritur:
1097 2077 1169 2157 quia
1189 2073 1271 2155 blas-

351 2159 588 2240 phemiaoordie
612 2161 762 2240 est‘vella
785 2166 902 2241 optare,
925 2159 1039 2237 conari,
1062 2164 1094 2217 ut
1107 2157 1183 2217 deus
1208 2177 1271 2218 non

268 2238 274 2245 ’
351 2243 404 2321 sit,
433 2243 505 2323 quia
532 2260 650 2304 summe
671 2244 776 2305 horret
803 2251 834 2303 et
862 2244 949 2320 timet
969 2241 1068 2302 Deum
1089 2247 1123 2301 et
1154 2243 1269 2320 omnia,

352 2344 431 2406 quae
452 2325 540 2406 faoit,
567 2327 648 2407 vult,
678 2326 757 2387 dicit.
773 2321 970 2407 super'eum3
993 2344 1053 2405 quo
1076 2323 1204 2387 horrore
1225 2322 1269 2402 fit,

258 2465 260 2470 .
353 2416 386 2469 ut
413 2428 531 2472 summe
553 2428 674 2491 quoque
701 2410 886 2489 detestetur,
908 2410 1102 2469 abominetur
1124 2407 1270 2487 odiatque

347 2492 466 2571 Deum,
490 2495 585 2555 etita
605 2492 653 2574 fit,
682 2501 715 2554 ut
737 2514 800 2554 non
821 2494 860 2554 sit
880 2494 911 2552 in
935 2499 1049 2570 morte,
1078 2492 1130 2574 qui
1151 2509 1271 2554 memor

352 2577 391 2636 ait
411 2576 478 2657 Dei,
502 2594 602 2655 neque
623 2578 655 2637 in
678 2576 798 2637 inferno
820 2578 979 2655 quiequam
1010 2574 1205 2635 confitebitur
1229 2576 1267 2635 ei.

349 2658 404 2718 His
427 2667 498 2721 sunt
518 2660 632 2721 similes
654 2661 685 2719 in
709 2660 787 2739 vita,
808 2660 870 2718 imo
892 2658 1043 2737 ino‘piunt
1068 2658 1149 2718 bano
1170 2658 1267 2717 'mise-

349 2743 425 2802 riam
448 2762 571 2821 ornnes,
602 2744 652 2821 qui
675 2748 745 2802 sunt
774 2747 861 2801 extra
881 2679 1000 2821 graiiae
1021 2746 1152 2834 stetum7
1182 2740 1268 2821 quod

309 2863 313 2869 ·
350 2832 436 2905 patet
457 2828 515 2886 sio:
550 2826 621 2905 quia
643 2827 721 2885 siout
741 2844 797 2905 per
824 2826 954 2905 gratiam
981 2822 1268 2903 firmantur-electi,

349 2913 384 2968 ut
401 2911 494 2970 etiarn
514 2909 545 2969 in
569 2915 668 2969 morte'
689 2914 721 2969 et
741 2908 861 2968 inferno
882 2904 1193 2989 benedicentium,
1216 2926 1268 2967 ne·

350 2991 421 3052 dum
442 2994 472 3053 in
496 3008 679 3071 quoeunque
702 2990 763 3052 a'lio
786 2990 984 3051 incommodo
1007 2990 1180 3071 temporali,
1201 2994 1267 3050 tum

334 3074 427 3135 ‘haee
454 3076 558 3138 omnia
587 3080 751 3155 aoeeptant
778 3081 809 3135 et
837 3074 1023 3156 approbant,
1040 3094 1059 3133 a
1080 3074 1147 3134 Deo
1175 3072 1267 3153 faeta,

348 3165 382 3218 ut
401 3160 500 3239 iusto,
528 3158 629 3235 bona,
659 3177 734 3219 vero
757 3164 816 3219 eto.
857 3157 905 3216 Ita
935 3158 1001 3226 sine
1028 3158 1128 3238 gratia
1154 3156 1267 3216 infirmi

348 3248 420 3301 sunt
442 3241 579 3323 reprobi,
610 3246 643 3301 ut
673 3262 736 3302 non
766 3246 884 3301 tantum
908 3241 1042 3301 m'ortem
1065 3247 1096 3300 et
1116 3240 1267 3300 infernum

347 3324 509 3405 horreant,
543 3322 597 3383 sed
627 3324 720 3385 etiarn
743 3319 904 3403 quodlibet
926 3323 1009 3383 aliud
1036 3323 1267 3384 incommodum

347 3426 384 3467 ao
406 3408 450 3467 sie
468 3406 500 3466 in
524 3408 664 3468 omnibus
687 3414 797 3489 optant
824 3407 1009 3483 eontrarium
1039 3406 1188 3467 voluntati
1213 3425 1267 3487 op-

346 3492 440 3551 timae
459 3490 526 3569 Dei,
549 3497 656 3551 eontra
678 3510 808 3573 eamque
829 3496 902 3552 toto¹
920 3491 988 3550 nisu
1011 3496 1170 3569 conantur,
1192 3492 1266 3570 quia
1310 3544 1312 3546 ,

346 3574 472 3635 horrent
493 3574 568 3634 talia
588 3574 645 3637 sibi
667 3572 759 3637 lieri.¹

669 3675 945 3771 Corollarium.

428 3824 608 3885 Pauoissimi
628 3826 733 3905 itaque
754 3830 786 3885 et
807 3831 869 3884 tam
890 3824 982 3905 pauoi
994 3822 1065 3883 sunt
1085 3815 1265 3882 laudatores

345 3908 421 3990 Dei,
451 3925 541 3989 quam
563 3910 653 3990 pauoi
675 3910 706 3968 in
729 3908 868 3969 adversis
891 3907 1075 3968 benedicunt
1095 3904 1211 3981 Deum,
1233 3911 1266 3965 et

344 3992 376 4052 id
399 4012 437 4053 ex
459 3993 564 4073 eorde,
588 4012 649 4054 non
663 3992 758 4054 modo
773 4010 837 4053 ore.
878 3991 957 4054 Nam
979 3988 1011 4051 id
1023 3990 1159 4069 horrent,
1180 3986 1265 4067 quod
