3075 4750
596 527 624 569 8.
644 513 714 572 1517
730 511 827 569 babiti.

635 761 780 857 Sarno

302 957 340 1019 de
358 958 559 1040 indulgentiis
581 960 679 1041 pridie
700 959 922 1024 Dedicationis'
934 981 962 1022 a.
986 966 1075 1028 1517,
1085 965 1117 1040 *)
1137 1027 1140 1031 .

325 1124 479 1190 Thema.
515 1125 606 1188 Stans
628 1135 730 1189 autem
743 1129 901 1190 Zachaeus
918 1127 993 1187 dixit
1006 1126 1045 1188 ad
1063 1128 1167 1188 Domi·

247 1227 327 1269 num.
382 1207 610 1272 Conclusio.
661 1208 777 1286 Quibus
808 1211 944 1272 Christus
975 1209 1089 1291 aliquid
1108 1219 1164 1290 est,

244 1290 302 1350 illis
326 1292 434 1352 omnia
455 1293 531 1365 nihil
561 1301 648 1373 sunt,
677 1294 785 1374 quibus
807 1301 908 1356 autem
930 1292 1067 1354 Christus
1089 1293 1164 1354 nibil

243 1381 299 1452 est,
321 1375 471 1436 continno
494 1376 555 1436 illis
578 1378 682 1438 omnia
703 1377 833 1458 grandia
848 1385 926 1438 eunt.
965 1375 1045 1451 Quid
1058 1381 1163 1437 autern

243 1458 290 1540 sit,
313 1455 470 1518 Christum
492 1459 609 1539 aliquid
630 1461 680 1520 vel
702 1461 780 1521 nihil
801 1481 880 1538 esse,
904 1460 1055 1519 discamus
1078 1459 1166 1520 aZa-

241 1539 353 1619 chaeo,
376 1543 462 1600 ouius
485 1543 613 1603 affectus
635 1551 710 1621 erat,
731 1551 765 1604 ut
777 1543 967 1624 evangelista
979 1541 1061 1619 dicit,
1084 1541 1166 1620 quod

245 1622 414 1702 quaerebat
435 1624 541 1686 videre
561 1625 667 1686 Jesum
690 1629 756 1707 quis
780 1635 871 1689 esset.
904 1625 971 1687 Imo
989 1625 1165 1686 necessario

243 1708 398 1784 sequitur,
428 1707 511 1787 qnod
535 1708 704 1770 sublimiter
733 1709 772 1770 de
801 1729 838 1770 eo
868 1707 1034 1786 sentiebat,
1064 1706 1103 1767 de
1132 1726 1166 1768 se

243 1807 317 1849 vero
341 1788 428 1850 nihil.
478 1791 598 1853 Deinde
619 1792 735 1873 gaudet
757 1799 901 1872 suscepto
915 1791 1046 1854 Christo.
1090 1790 1164 1851 Ideo

243 1871 400 1932 Christum
424 1874 538 1953 aliquid
562 1894 631 1935 esse
654 1882 701 1936 est
721 1877 836 1956 inipso
853 1875 986 1955 placere,
1010 1872 1165 1952 delectari,

245 1953 441 2039 desiderare,
464 1956 608 2038 diligere,
643 1961 746 2040 magni
768 1965 926 2040 reputare,
949 1976 982 2017 se
1008 1957 1166 2038 indignum

246 2057 283 2098 eo
313 2038 453 2100 iudicare
482 2047 514 2100 et
541 2061 605 2101 non
634 2061 783 2120 quaerere
805 2042 844 2104 ad
866 2040 1040 2101 habendum
1065 2039 1165 2119 (quod

245 2127 291 2180 est
310 2127 617 2203 praesumtuosnmJ,
639 2125 695 2185 sed
718 2126 758 2185 ad
782 2123 948 2186 videndum
971 2131 1105 2203 tantum,
1130 2142 1167 2184 ac

243 2222 353 2268 omnes
376 2224 432 2265 eos
453 2205 604 2282 iudicare,
633 2207 879 2288 magnifacere,
910 2206 1104 2288 praedicare,
1126 2205 1165 2265 ad

244 2305 322 2365 quos
345 2287 400 2348 ille
423 2287 564 2369 dignetur
585 2289 751 2369 declinare,
775 2298 866 2371 atque
887 2290 971 2350 velut
992 2289 1165 2369 desperare,

210 2383 215 2391 ·
244 2389 459 2450 necunquam
480 2393 691 2453 praesumere,
714 2372 797 2454 quod
819 2374 858 2435 ad
887 2394 920 2433 se
947 2374 1065 2451 veniat,
1094 2371 1167 2432 lieet

245 2456 472 2533 paratissimum
507 2476 577 2517 sese
610 2459 722 2518 sentiat
755 2458 794 2518 ad
832 2456 1057 2537 suscipiendum
1086 2473 1165 2531 eum,

189 2567 192 2573 ,
247 2536 300 2598 sed
324 2545 489 2599 contentus
512 2541 557 2599 sic
580 2560 613 2601 se
645 2542 761 2621 mirari,
797 2548 828 2601 et
856 2538 983 2619 obsequi
1013 2538 1100 2617 illos,
1128 2536 1167 2598 ad

238 2638 324 2700 ,quos
354 2621 441 2681 illum
472 2622 582 2686 viderit
607 2624 661 2684 ire.
709 2624 767 2684 Hic
788 2626 871 2705 pius,
899 2622 1021 2682 humilis
1048 2628 1079 2681 et
1104 2638 1167 2681 rec

246 2711 293 2763 tus
317 2698 448 2765 affectus
471 2706 571 2766 solum
593 2705 745 2767 Christum
767 2707 882 2785 aliquid
898 2705 1021 2766 iudicat.
1065 2704 1166 2764 licon·
1275 2714 1282 2719 ’

246 2794 293 2846 tra
312 2786 470 2848 Christum
492 2788 567 2848 nihil
590 2809 677 2869 esse,
700 2797 747 2851 est
775 2810 836 2851 non
865 2789 895 2849 in
917 2790 985 2869 ipso
1009 2787 1165 2865 delectari,

247 2868 355 2929 sedin
378 2871 502 2951 seipso
526 2874 609 2932 etin
632 2873 694 2952 bis,
717 2892 797 2953 quae
819 2892 874 2933 sua
895 2878 980 2952 sunt,
1008 2873 1071 2931 imo
1094 2890 1165 2931 con-

156 3023 157 3028 ,
246 2960 385 3014 temnere
408 2960 439 3013 et
460 2955 546 3015 nolle
567 2974 636 3015 eum
659 2955 845 3018 desiderare.
885 2954 946 3017 Sed
962 2974 1036 3015 sane
1057 2962 1165 3015 notan·

246 3035 328 3111 dum,
345 3035 428 3114 quod
451 3039 513 3097 sint
534 3038 731 3099 diversimodi
752 3040 783 3099 in
806 3038 927 3099 Christo
950 3038 1094 3119 placitum
1117 3037 1168 3097 ha·

246 3119 367 3199 bentes,
389 3138 459 3179 eum
472 3121 640 3202 cupientes,
654 3129 842 3203 reputantes.
876 3121 979 3201 Aliqui
997 3118 1168 3200 carnaliter,

246 3203 377 3281 curiose,
384 3204 550 3283 pueriliter,
562 3225 616 3265 seu
625 3205 792 3266 secundum
802 3224 886 3265 suam
896 3206 1083 3285 opinionem,
1097 3222 1167 3283 qua

244 3284 291 3345 les
313 3285 358 3345 illi
369 3293 458 3346 erant
474 3288 504 3345 in
518 3289 692 3369 evangelio,
714 3291 765 3368 qui
780 3296 852 3352 tunc
865 3286 1062 3365 mirabantur,
1084 3286 1168 3367 quod

245 3367 285 3428 ad
305 3368 465 3429 hominem
486 3378 682 3451 peecatorem
704 3374 827 3451 ivisset,
862 3390 930 3431 cum
960 3370 997 3431 ad
1028 3390 1061 3430 se
1082 3370 1168 3430 illum

246 3457 395 3532 cuperent
414 3453 474 3532 ire,
504 3455 576 3533 qnia
604 3473 639 3514 se
660 3454 771 3537 dignos
799 3454 994 3535 reputabant.
1037 3452 1076 3513 Hi
1098 3458 1169 3512 suut
1248 3470 1253 3516 t

244 3536 350 3615 iniqui,
371 3536 424 3614 qui
441 3538 543 3616 potius
562 3556 596 3597 ee
608 3545 751 3617 reputant
774 3546 805 3600 et
825 3538 882 3599 sibi
903 3537 1036 3617 placent,
1059 3543 1090 3597 et
1111 3533 1168 3595 sibi

301 3805 331 3871 *)
353 3797 406 3856 llic
421 3820 513 3857 sermo
524 3804 613 3872 pridie
623 3804 811 3860 Dedicaticnis
830 3804 906 3859 aedis
919 3802 1165 3873 Vittembergeneis

245 3892 262 3927 a
282 3876 352 3932 1517
372 3876 483 3928 babitus
501 3876 604 3945 legitur
622 3877 695 3944 apud
714 3878 858 3931 Loeseher.
878 3876 964 3941 1‚734
982 3887 1041 3943 sqq.
1061 3882 1088 3927 et
1107 3890 1167 3943 ger·

245 3949 353 4000 manica
382 3946 456 4015 apud
487 3948 591 4011 Walch.
617 3948 693 4014 XIX,
723 3950 777 4005 929
803 3965 861 4017 sqq.
903 3946 951 4015 (cl.
976 3945 1006 4000 C.
1034 3946 1168 4015 ldrgens:

244 4018 359 4073 luthera
380 4019 471 4072 beben
488 4020 517 4071 P.
534 4018 582 4075 ΙΙΙ.
601 4035 628 4088 p.
648 4021 708 4077 580.

270 4128 836 4194 unmom.r.'amrer.nn.ap.vor.1.
918 4113 955 4177 12
