3075 4750
599 495 852 554 altmannum..
961 498 967 515 ·
1133 495 1225 566 77,

259 662 482 736 emendabitur.
524 665 632 729 Fatue!
674 665 730 726 llle
761 685 825 726 uon
857 671 907 728 est
934 663 1043 725 modus
1072 684 1175 728 emea-

226 739 227 750 ’
259 745 360 825 dandi,
381 767 446 806 non
469 748 589 808 reveles
612 748 817 818 dixitMoses.
859 748 934 811 ldco
956 748 996 808 de
1016 748 1076 808 illis
1099 748 1176 808 dixit

258 829 425 908 Dominus,
447 832 533 892 venit
551 831 643 911 hora,
672 834 845 911 momnis,
872 833 922 910 qui
945 830 1088 892 interficit
1107 850 1175 910 vos,

257 913 276 974 i.
293 933 320 973 e.
342 915 514 994 exstinguit
533 915 563 976 in
586 917 742 994 opinione,
764 935 826 995 qua
846 915 928 995 apud
949 916 1030 975 alios
1052 914 1174 976 viveba

259 997 310 1074 tie,
339 997 505 1058 arbitretur
526 1018 565 1060 se
581 997 761 1077 obsequium
785 1006 942 1079 praestare
963 999 1042 1058 Deo.
1084 997 1176 1058 Num·
1220 1027 1231 1042 ι

236 1078 328 1156 „quid
352 1079 490 1141 Christus
518 1083 579 1141 suis
608 1081 763 1162 discipulis
792 1081 926 1142 detraxit
946 1072 1174 1160 coram'Anna‚

259 1162 330 1222 licet
351 1184 458 1224 verum
481 1163 632 1225 dixisset?
674 1166 783 1244 Neque
810 1185 885 1245 ergo
908 1166 1176 1256 veritagexcusat

259 1265 358 1324 neque
379 1246 514 1326 falsitas,
537 1247 590 1310 sed
614 1249 793 1328 simpliciter
814 1256 941 1327 peccat,
960 1249 1012 1326 qui
1033 1247 1174 1308 detrahit.

258 1328 362 1390 'lertio
386 1337 457 1390 sunt
478 1337 677 1410 stupratores
698 1333 772 1410 quia
792 1331 912 1394 violant
932 1332 1068 1391 sinceras
1092 1351 1174 1390 men·

259 1419 302 1472 tes
325 1432 383 1492 per
404 1413 586 1474 infusionem
608 1415 763 1476 maledicti
785 1416 911 1474 seminis
933 1413 972 1474 de
992 1413 1108 1493 lingua.
1129 1413 1173 1474 si-

259 1502 308 1555 cut
335 1497 419 1556 euim
448 1497 572 1558 verbum
601 1499 659 1558 Dei
686 1505 734 1560 est
765 1517 872 1560 semen
902 1505 1057 1574 sanctum,
1090 1497 1173 1576 quod

259 1580 394 1659 concipit
415 1581 517 1640 anima
540 1582 606 1640 sine
633 1581 819 1660 violatione,
851 1584 914 1642 imo
942 1580 981 1640 ad
1011 1599 1173 1639 conserva-

258 1662 374 1722 tionem
408 1665 588 1742 virginitatis
616 1681 705 1742 suae,
737 1665 816 1724 sicut
841 1664 932 1724 beata
960 1665 1048 1743 virgo
1077 1662 1173 1723 filium

259 1744 331 1806 Dei:
353 1746 397 1806 ita
418 1747 545 1806 verbum
566 1745 745 1811 detractoris
767 1754 816 1808 est
837 1767 944 1809 semen
965 1746 1081 1808 diaboli
1103 1766 1172 1826 spu-

257 1829 333 1890 rium
359 1835 390 1888 et
411 1829 626 1908 adulterinum,
648 1850 847 1910 corrumpens
868 1833 1001 1892 animam
1023 1831 1173 1910 virginem

172 1959 176 1968 .
257 1912 286 1970 in
318 1911 469 1980 auditore.
513 1913 590 1974 Sunt
618 1914 732 1977 similes
765 1915 896 1992 loquens
923 1922 955 1975 et
979 1911 1109 1974 audiens
1132 1915 1172 1976 vi·

257 1996 349 2073 peris.
393 1994 481 2069 Quae
502 2016 557 2075 per
578 2015 614 2056 os
638 1998 815 2076 concipiunt
831 2004 863 2058 et
879 1999 1042 2058 seminant.
1083 1996 1172 2058 Unde

256 2083 357 2156 patres
379 2077 712 2158 horumpessimorum
733 2079 870 2141 Christus
892 2087 924 2147 et
938 2080 1097 2140 lohannes
1120 2099 1172 2140 vo·

255 2168 304 2220 cat
321 2162 487 2241 progenies
505 2163 676 2241 viperarum
693 2171 818 2242 propter
829 2164 902 2224 illud
917 2165 1032 2224 vitium.
1054 2162 1171 2236 Quarto
1236 2194 1244 2206 ι

255 2254 323 2304 sunt
346 2244 496 2322 verissimi
518 2245 643 2307 diaboli.
686 2247 771 2307 Siout
798 2248 878 2310 euim
901 2246 1020 2308 Lucifer
1046 2266 1110 2306 non
1132 2265 1172 2308 ex

255 2333 379 2407 natura,
412 2327 465 2389 sed
497 2327 601 2391 officio
628 2336 660 2391 et
681 2329 799 2392 malitia
820 2337 868 2392 eet
889 2329 1045 2408 diabolus,
1076 2330 1173 2391 itaet

254 2411 295 2471 illi
317 2431 383 2472 non
406 2411 589 2477 natumsed
611 2412 736 2479 malitia.
779 2414 860 2474 Nam
879 2414 954 2474 nihil
975 2411 1058 2473 aliud
1078 2412 1173 2475 habet

255 2494 413 2572 diabolus,
441 2514 502 2574 quo
530 2502 577 2557 tot
609 2498 726 2569 animas
753 2497 863 2577 perdat
891 2516 983 2575 quam
1010 2495 1171 2556 detractio·

254 2596 350 2657 remp
369 2597 431 2657 qua
452 2578 583 2639 detrahit
602 2580 686 2659 Deo,
713 2582 848 2641 iustitiae
869 2579 981 2641 Christi
1003 2580 1034 2639 in
1057 2580 1171 2658 animo,

255 2661 301 2719 cui
337 2663 488 2742 suggerit,
530 2669 658 2723 vocatur
698 2670 785 2723 satan
820 2663 987 2741 Hebraico,
1030 2662 1170 2724 diabolus

254 2743 390 2823 Graece,
421 2744 575 2805 detractor
595 2746 718 2826 Latine,
748 2754 780 2806 et
810 2748 967 2807 imitantur
999 2766 1084 2826 eum,
1120 2746 1171 2826 qui

254 2834 324 2887 sunt
356 2847 396 2889 ex
423 2836 511 2909 parte
534 2830 609 2893 eius.
653 2834 697 2891 lta
717 2831 955 2910 Apocalypsecs
980 2833 1027 2894 12.
1050 2830 1170 2911 legitur,

254 2910 336 2989 quod
369 2914 489 2973 tertiam
518 2920 636 2992 partem
662 2913 819 2978 stellarum
847 2915 974 2975 traxerit
994 2915 1025 2976 ia
1048 2922 1170 2975 terram.

254 2994 332 3069 Quin
356 2994 387 3055 hi
410 3002 495 3073 sunt,
518 2998 568 3075 qui
590 3015 698 3076 paoem
720 2997 837 3077 fugant,
859 2996 940 3057 unde
960 2997 1172 3059 Ecclesiastici

190 3078 194 3091 '
251 3079 300 3141 28.
328 3097 386 3159 per
415 3084 513 3139 totum
543 3079 812 3141 vehementissimo
841 3082 963 3161 gurgite
990 3080 1060 3141 illos
1083 3100 1170 3141 exse·

253 3168 362 3223 oratur.
394 3161 475 3243 Lege
490 3162 698 3242 dignissimam
716 3164 987 3243 reprehensionem
999 3165 1075 3223 tanti
1089 3164 1170 3225 mali.

252 3243 367 3318 Quinto
390 3252 461 3305 sunt
481 3244 637 3326 infideles,
665 3247 737 3326 quia
764 3246 874 3325 fidem,
902 3246 1073 3326 desperati,
1098 3248 1171 3327 quia

252 3347 350 3407 spem,
373 3328 489 3408 tumidi,
510 3330 584 3409 quia
601 3330 773 3408 ,onaan
794 3330 993 3407 deserunt,
1015 3332 1087 3409 quia
1107 3350 1169 3407 non

154 3458 155 3467 ,
252 3410 382 3473 credunt
402 3411 523 3475 tratrem
547 3432 625 3491 esse,
647 3432 705 3473 neo
726 3414 849 3481 tratrem
870 3432 940 3477 esse
955 3420 1090 3492 sperant,
1112 3432 1170 3472 nec

231 3493 384 3643 ἀθὶέιςαὲῖ
407 3503 440 3557 ut
461 3516 494 3557 se
515 3498 624 3576 ipsum.
652 3496 736 3560 Idem
759 3503 833 3559 sunt
854 3498 947 3559 etiam
969 3498 1107 3576 venetici,
1129 3495 1169 3557 ad

485 3704 744 3769 Corollarium
775 3707 943 3790 primum.
1008 3716 1012 3719 ’

334 3825 552 3906 vaniloquium
576 3833 624 3887 est
643 3828 777 3889 hominis
804 3835 836 3888 et
862 3827 997 3887 humana
1029 3826 1169 3890 tentatio

253 3910 331 3985 Quia
354 3911 464 3971 dicitur
484 3912 515 3969 in
536 3910 676 3991 Psalmo,
698 3916 899 3972 veruntamen
921 3910 1065 3969 universa
1085 3911 1170 3970 vani-

252 4000 297 4055 tas
320 3995 420 4056 oumis
443 3994 538 4055 homo
560 3994 684 4075 vivens,
708 3994 969 4084 etllcelesiastae
988 3992 1017 4053 1:
1041 3994 1168 4053 Vanitas
