3075 4750
357 479 419 548 164
441 548 445 565 Ι
692 481 841 538 Samene!
859 477 970 536 lutheri

356 649 468 712 offeret
488 669 524 710 se
544 651 703 728 quaerenti
736 669 780 710 se.
828 650 864 712 In
892 668 952 731 quo
991 649 1086 714 verbo
1126 645 1273 730 ostendit,

356 752 449 813 quem
470 732 568 793 fusilis
598 738 646 793 est
665 733 819 794 essesutio
841 734 986 812 iustitiae,
1008 732 1175 796 dummodo
1188 731 1273 796 -diffi-

356 816 456 878 eultss
487 814 652 877 inchoatus
677 817 758 876 vitee
787 817 868 878 victe
896 816 993 880 luerit.
1036 814 1136 878 Omne
1163 817 1274 896 prinoi-

355 900 442 979 pium
463 917 568 979 greve,
598 897 653 958 sed
675 905 747 978 post
766 899 948 979 principium
970 898 1160 980 profleiendo
1188 899 1276 962 velut

354 1000 412 1042 sus
433 987 546 1062 sponte
567 980 682 1061 obviet,
703 999 803 1062 prone
824 981 993 1062 futilisque.
1030 981 1116 1045 Sient
1134 983 1166 1041 in
1188 983 1275 1044 omui

354 1070 440 1125 motu
477 1065 658 1145 principium
689 1065 788 1144 magis
829 1070 877 1126 eet
910 1063 1105 1145 impeditum,
1137 1064 1274 1126 medium

355 1153 458 1207 eutem
481 1153 594 1227 sponte
616 1148 724 1208 ourrit:
746 1148 799 1226 its,
822 1149 873 1226 qui
894 1149 1001 1228 incipit
1026 1146 1199 1223 iustitieori,
1230 1147 1275 1208 lu

354 1229 462 1290 berem
482 1228 577 1291 hebet
596 1232 627 1290 in
657 1229 877 1292 mortilieendis
906 1231 1117 1311 passionibus3
1146 1230 1202 1292 sed
1231 1231 1274 1292 le·

354 1312 462 1374 borate
496 1314 616 1374 fortiter
650 1315 681 1373 in
720 1313 889 1393 principio,
934 1313 1059 1376 tandem
1092 1313 1182 1374 fenile
1223 1331 1273 1374 oe·

354 1393 431 1456 dunt
466 1397 497 1456 in
538 1396 687 1476 profectu.
746 1395 798 1457 Sic
842 1397 1021 1476 prophetez.
1049 1395 1274 1460 convertimini

327 1477 393 1538 -ed
439 1497 488 1540 me
533 1486 565 1540 et
600 1485 763 1540 eonverter
805 1478 844 1540 ed
884 1498 958 1558 vos,
1016 1481 1102 1558 qussi
1145 1479 1273 1558 diceret,

354 1562 493 1640 quaerite
508 1581 564 1622 >me
585 1568 618 1622 et
638 1561 772 1623 obviabo
801 1562 897 1624 vobis.
948 1561 1034 1625 Siout
1053 1560 1117 1624 filio
1140 1561 1273 1644 prodigo

353 1643 453 1706 edhuo
481 1644 575 1725 louge
607 1646 712 1726 egenti
740 1664 867 1726 surgens
890 1652 1031 1706 oeeurret
1055 1650 1153 1725 peter.
1195 1645 1273 1708 Ideo
1300 1697 1304 1702 .

354 1728 442 1808 ipsse
464 1729 644 1788 autoritates
666 1746 728 1788 non
751 1727 791 1787 de
811 1729 909 1808 prime
929 1729 1028 1808 metio
1048 1733 1182 1804 tentum,
1217 1728 1274 1790 sed

354 1809 394 1869 de
416 1816 545 1888 utreque
564 1809 785 1891 intelligendae
807 1818 884 1873 sunt.
927 1811 1028 1872 Prima
1050 1817 1105 1889 est,
1128 1829 1209 1890 quse
1231 1811 1273 1872 fe·

353 1893 396 1953 eit
415 1892 572 1954 hominem
594 1895 732 1954 converti
753 1893 793 1953 ed
815 1913 864 1972 se,
893 1893 933 1954 de
954 1913 1015 1973 que
1036 1893 1162 1973 dieitur,
1199 1912 1273 1956 eon·

353 1976 506 2036 vertimini
527 1975 567 2036 ed
588 1995 652 2037 me:
674 1976 821 2056 seeundo,
844 1995 924 2056 quee
942 1977 1015 2038 feeit
1029 1975 1187 2038 hominem
1203 1997 1285 2058 per,

353 2057 403 2118 liei
423 2059 456 2118 in
477 2077 521 2137 se,
543 2057 582 2117 de
603 2078 665 2138 qus
684 2058 805 2137 dieitur,
828 2068 860 2120 et
882 2063 1125 2140 ego‘eonvertnr
1137 2059 1179 2119 ed
1203 2079 1271 2122 vos.

351 2140 421 2201 lloe
439 2139 512 2202 ideo
535 2139 621 2221 dieo,
652 2143 723 2221 quia
743 2143 847 2204 multis
874 2150 1019 2223 praestet·
1042 2141 1182 2204 laborem
1216 2143 1273 2204 ille

351 2225 510 2303 autoritas,
531 2231 564 2285 et
583 2225 609 2284 si
633 2243 711 2304 quae
732 2225 839 2288 similis
862 2232 919 2304 est,
941 2244 1010 2287 eum
1030 2224 1069 2286 de
1087 2223 1271 2305 proficiente

350 2308 415 2369 vite
435 2309 497 2368 sint
517 2305 635 2379 dietum
661 2308 707 2369 illi
735 2315 839 2371 eutem
869 2308 908 2370 de
928 2309 1093 2390 incipiente
1117 2326 1170 2370 ees
1191 2311 1272 2370 neei-

350 2393 446 2471 piunt.
489 2392 600 2469 linter,
632 2393 744 2471 inquit,
774 2391 980 2455 honorificate
1012 2393 1158 2471 suscipiet
1192 2394 1275 2454 sieut

245 2496 249 2501 ·
352 2473 448 2535 fllium
469 2494 568 2553 suum,
590 2480 622 2535 et
642 2481 740 2535 meter
760 2474 979 2555 honorificate,
1009 2476 1081 2555 quin
1110 2483 1142 2537 et
1161 2477 1270 2555 iniqui-

351 2564 398 2618 tns
419 2564 468 2618 est
488 2564 586 2618 muter
605 2556 738 2618 filiorum
758 2559 942 2637 iniquitatis,
972 2557 1027 2621 sed
1054 2566 1154 2619 meter
1181 2560 1270 2639 igno·

351 2642 490 2701 minione.
531 2640 618 2701 Hses
638 2646 741 2701 sutem
763 2648 812 2701 est
837 2648 934 2701 meter
960 2639 1215 2703 honorifleentiee
1238 2650 1271 2703 et
1374 2662 1375 2727 3

351 2722 478 2801 gloriae,
500 2724 572 2803 quie
597 2741 660 2783 non
688 2723 902 2800 confunditur,
939 2726 993 2805 qui
1026 2725 1106 2785 hene
1138 2732 1270 2785 matrem

351 2804 441 2866 fuerit
461 2804 600 2885 adeptus
641 2805 727 2867 Haeo
746 2814 795 2867 est
815 2807 930 2888 galline
953 2806 1105 2886 Christus,
1140 2808 1192 2886 qui
1215 2826 1268 2869 ex-

350 2888 458 2967 pendit
476 2888 542 2948 ales
565 2908 636 2949 sues
657 2896 690 2950 et
710 2892 845 2970 protegit
870 2888 950 2951 filios
977 2909 1066 2968 suos,
1095 2890 1147 2969 qui
1174 2908 1267 2969 quee-

349 2978 422 3031 runt
448 2978 479 3031 et
505 2970 673 3033 adhaerent
698 2974 738 3035 ei.
781 2972 846 3035 Noe
873 2972 990 3035 dulcius
1018 2992 1076 3034 neo
1105 2972 1267 3035 vehemen-

350 3054 410 3113 tius
439 3055 541 3134 potuit
570 3056 686 3115 iustitie
717 3056 942 3134 commendari,
971 3074 1062 3135 quem
1097 3055 1180 3135 quod
1210 3056 1268 3119 sub
1373 3096 1374 3099 =

350 3134 461 3197 affeetu
482 3145 622 3199 materno
638 3138 829 3212 deseribitun
851 3154 912 3218 quo
931 3138 1006 3199 nihil
1023 3145 1072 3201 est
1085 3138 1214 3218 dulcius,
1236 3145 1269 3201 et

349 3222 531 3300 praesertim
551 3222 657 3282 metris
677 3220 878 3283 honoriflese.
920 3220 1012 3302 Apud
1034 3227 1162 3283 metrem
1183 3223 1266 3283 enim

351 3304 452 3364 omnis
473 3301 586 3364 fiducie
606 3311 639 3365 et
658 3305 806 3365 securitas
828 3323 865 3365 eo
886 3304 1000 3367 blande
1022 3305 1195 3367 consolatio
1220 3312 1269 3367 est

348 3383 495 3447 filiorum:
532 3389 576 3448 ite
608 3388 816 3449 eonscientiae
852 3387 983 3468 pusillae
1016 3394 1049 3449 et
1083 3389 1267 3469 peoeettieis

349 3469 431 3549 apud
452 3471 597 3531 institam
619 3472 650 3531 in
673 3468 804 3535 Christo.

366 3633 512 3726 Sermo
542 3629 589 3725 in
617 3629 686 3726 die
715 3633 991 3729 Innoemtum
1018 3658 1056 3727 a.
1085 3633 1193 3727 1516.
1208 3636 1254 3749 *)

434 3766 506 3828 Vox
527 3768 558 3827 in
579 3766 678 3827 Reme
699 3766 804 3829 audita
825 3774 881 3850 est,
903 3768 1047 3910 ploratus
1069 3774 1100 3828 et
1122 3767 1266 3831 ululatus.

349 3848 447 3909 Remu
470 3848 622 3911 Hebraiee
644 3848 801 3911 excelsum
823 3850 902 3931 signi
926 3858 984 3929 eet,
1007 3849 1088 3911 unde
1109 3848 1266 3913 Abrohom

405 3994 438 4062 ·)
459 3994 603 4050 metuet.
622 3997 645 4065 1,
664 3997 725 4053 775.
744 3996 851 4051 walen.
870 3966 1018 4065 x11,2sro
1038 4012 1097 4070 sqq.
