3075 4750
595 491 701 549 Contra
717 492 797 550 onst:
816 492 896 547 Festi.

275 662 309 725 P.
344 661 382 726 11.
416 683 448 743 p.
477 665 547 739 65).
598 662 667 725 Hae
696 661 925 744 propositiones
955 668 1065 743 postea
1093 666 1203 726 auotm

275 753 371 825 atone
407 747 503 831 typis
524 746 689 829 evulgatae
727 755 799 808 sunt
829 745 1064 829 Wittenbergao
1103 745 1202 807 forma

275 830 476 908 quartanaria
505 829 561 890 sub
591 824 652 891 hoo
674 832 780 893 titulo:
823 831 880 909 „D.
904 828 1047 891 Andreae
1065 828 1201 891 'Osrolo-

275 912 410 991 stadini,
445 912 582 975 doatoris
604 919 637 974 et
657 914 883 992 arohidiaooui,
916 912 1073 975 ooohxx
1094 912 1202 992 apolo-

274 997 398 1075 getiune
427 996 646 1059 nondusiones
672 1018 730 1079 pro
765 999 859 1060 saeris
890 996 986 1058 literis
1013 1003 1045 1057 et
1067 996 1210 1080 Witten2

275 1078 477 1159 bergensibus
505 1081 549 1139 ita
577 1080 695 1156 editae,
727 1086 814 1141 utet
835 1079 1001 1142 leotoribus
1023 1080 1200 1160 profuturae

276 1163 346 1223 sint.
370 1167 418 1235 (v.
437 1162 601 1225 Inesnheri
614 1164 847 1225 AntaReiorm.
869 1163 904 1225 T.
927 1163 966 1224 11.
987 1183 1017 1243 p.
1041 1167 1080 1226 77
1103 1160 1203 1246 squ).

278 1245 352 1309 Pars
371 1250 478 1309 'earum
504 1244 643 1329 (cclx)
661 1249 813 1327 tripartita
833 1246 949 1326 legitun
964 1248 996 1307 in
1019 1246 1204 1307 oolieotions

277 1329 458 1407 emptorum
496 1328 618 1391 Lntheri
651 1331 831 1405 Basilisnsi,
873 1348 952 1408 quae
997 1348 1079 1393 anno
1124 1332 1203 1395 1520

278 1426 386 1477 mense
406 1411 491 1471 tutio
518 1412 602 1491 apud
621 1413 722 1474 Adam
744 1415 824 1474 Petri
854 1410 975 1492 prodiit.
1008 1412 1127 1475 Titulus
1155 1428 1204 1473 ea·

210 1491 216 1503 ⁸
280 1513 346 1553 rum
379 1502 442 1557 est:
485 1492 602 1557 Contra
620 1497 660 1557 D.
688 1497 733 1558 lo.
762 1497 889 1557 Eooium
925 1495 1203 1577 Iogolstadiensem

281 1576 459 1657 sophistam
478 1577 707 1658 Apologetisoe
727 1580 961 1660 Propositiones
991 1580 1028 1641 D.
1056 1577 1204 1641 Andreae

277 1660 483 1738 Bodenstein,
513 1661 732 1724 Arotidiseoni
759 1661 1056 1743 Vuittenbergensis,
1081 1668 1113 1721 et
1134 1661 1203 1723 sub·
1258 1732 1261 1739 ,

277 1743 646 1825 sunptahaeolegantur:
667 1744 1205 1825 ExVuittenhergacursim,Vll.die

280 1828 395 1890 mensio
416 1826 491 1889 Jnhi
521 1846 604 1889 anuo
625 1829 752 1890 Domini
781 1830 822 1890 Μ.
843 1829 882 1889 Ι).
904 1828 1011 1889 XVIII.
1057 1826 1206 1895 Lutherus

280 1916 386 1973 antem
413 1910 481 1989 ipse
510 1912 598 1971 initio
620 1912 825 1973 contumelias
847 1911 906 1973 sihi
926 1911 1027 1973 illatas
1055 1913 1207 1991 patienter

281 1993 368 2053 ferre
389 1996 492 2071 neque
520 1996 748 2055 controversias
779 1996 857 2055 inire
884 2012 953 2055 oum
974 1995 1069 2055 Eooio
1092 1996 1122 2055 in
1144 1994 1208 2054 ani·
1298 2054 1318 2077 ,Ι

283 2076 510 2153 mum-induxit,
526 2076 581 2137 sed
595 2078 634 2139 ab
645 2079 753 2139 amieis
769 2086 943 2139 commotus
963 2086 1020 2156 est,
1042 2086 1075 2137 ut
1089 2079 1206 2158 impug-

282 2161 369 2222 nanti
378 2159 591 2237 responderet,
602 2160 634 2222 id
651 2161 815 2240 quodfeeit
825 2161 856 2220 in
869 2160 1083 2223 Asterisois
1098 2160 1205 2221 sdver-

283 2241 446 2303 assuesti
469 2242 624 2305 obeliseos
646 2245 838 2324 compositis,
860 2243 965 2305 scribit
985 2246 1065 2305 enim
1090 2245 1119 2303 in
1144 2245 1204 2323 epi·

280 2325 362 2386 stota
391 2324 430 2384 sd
461 2325 532 2388 doh.
561 2326 698 2407 Sylvium
719 2326 875 2408 Egraoum
907 2327 935 2390 d.
964 2329 1013 2392 24.
1044 2346 1082 2389 m.
1105 2326 1205 2388 Martii

280 2430 309 2469 a.
333 2410 414 2474 1518
436 2409 519 2487 data,
542 2429 632 2488 qnam
654 2431 748 2491 supra
769 2410 978 2489 laudavimus,
1000 2413 1058 2472 ita:
1091 2409 1205 2486 „Volui

278 2492 361 2552 hano
394 2490 488 2553 offam
521 2492 656 2556 Cerbero
691 2495 817 2575 dignam
846 2493 1013 2556 absorbere
1045 2493 1204 2573 patientia,

280 2573 336 2634 sed
358 2575 449 2636 amiei
471 2585 656 2655 coegerunt,
678 2578 723 2638 iiii
744 2585 779 2637 nt
799 2577 1030 2656 responderem,
1052 2577 1105 2636 sed
1128 2576 1204 2656 pri-

278 2664 371 2719 vata
391 2676 500 2718 manu
513 2659 619 2733 (Luth.
636 2680 707 2740 epp.
723 2660 772 2721 ed
784 2660 921 2722 Aurifab.
936 2679 967 2740 p.
985 2663 1036 2737 57,
1047 2658 1087 2719 de
1099 2657 1205 2720 Wette

280 2740 302 2800 1.
323 2760 355 2820 p.
381 2742 491 2817 101)“,
517 2760 579 2820 quo
600 2762 695 2804 sensu
716 2746 809 2804 edem
834 2743 1055 2823 christophoro
1077 2741 1204 2804 Soheur·

280 2824 334 2902 lio,
351 2825 404 2903 qni
413 2825 534 2885 animos
546 2825 632 2886 Eooii
644 2834 738 2906 atque
749 2826 1064 2907 Wittenbergensium
1080 2825 1205 2906 plaeere

280 2906 433 2979 studebat,
456 2906 486 2966 d.
506 2912 557 2972 15.
572 2929 614 2969 m.
629 2909 714 2970 Junii
728 2911 809 2973 1518
823 2909 941 2970 sorihit:
964 2909 1077 2989 ‚‚tfihi,
1100 2907 1205 2986 eredo,

279 3007 349 3050 oum
368 2990 560 3068 privatim
588 2991 726 3053 dederim
751 2994 917 3054 asteriscos
949 3011 1053 3069 meos,
1086 3011 1148 3054 nou
1171 2991 1206 3054 ht

225 3115 233 3134 .
280 3074 310 3132 ei
329 3072 540 3152 respondendi
560 3077 741 3153 nenessitas,
762 3077 789 3136 si
813 3075 895 3136 desit
915 3074 1026 3138 libido:
1055 3077 1101 3136 sin
1120 3074 1206 3138 malit

227 3208 233 3214 .
281 3155 429 3233 reddare,
472 3173 532 3235 ego
572 3165 734 3238 utrumqne
777 3165 944 3238 exspeoto,
988 3158 1061 3220 lieet
1095 3177 1204 3239 paoem

281 3238 470 3318 praeeligam
495 3239 601 3321 (Loth.
622 3261 693 3321 epp.
715 3240 765 3301 ed.
787 3240 827 3301 de
842 3240 975 3302 WetteI
987 3263 1017 3322 p.
1031 3243 1142 3316 126)“.
1164 3239 1203 3302 Ηὶ

279 3322 372 3401 igitur
392 3323 595 3399 asterisci,
617 3343 686 3388 oum
700 3325 761 3386 inm
785 3325 996 3386 menseJunio
1019 3344 1047 3384 a.
1073 3325 1151 3389 roto
1173 3331 1205 3385 et

280 3405 990 3567 ttttgtttftttttdttttteht?
993 3409 1142 3552 ii³⁰¹¹11⁰0¹i
1165 3406 1204 3550 t}

279 3569 444 3632 Asteriscis
464 3572 557 3652 ipsis,
586 3574 638 3652 qni
663 3573 753 3636 atteri
774 3573 908 3653 appositi
930 3510 1001 3634 durh
1021 3507 1107 3634 ndu
1131 3572 1203 3636 obe

281 3653 374 3727 lisso,
411 3673 538 3719 semem
568 3655 659 3732 lieet,
693 3663 789 3736 atque
805 3656 864 3716 die
886 3655 913 3716 X
937 3657 1050 3716 mensis
1071 3655 1204 3738 Augusti

280 3757 308 3797 a.
334 3737 415 3800 1518
435 3735 516 3797 hand
535 3735 629 3801 dubie
640 3738 764 3820 Lipsiae
776 3735 1066 3819 apudMelohiorem
1082 3737 1204 3802 Lotthe·

279 3816 578 3982 resteterit
601 3821 1203 3985 thm.ttt.¹”t3tt.ttttt⁶t}tt

280 3992 388 4046 mr
414 3986 565 4066 comeso,
594 3996 698 4050 rm
719 3973 1014 4070 quamprimum
1036 3951 1100 4050 osii
1119 3988 1203 4050 ideo-

280 4087 342 4149 que
364 4070 472 4130 amieis
493 4076 613 4132 tontum
633 4072 725 4133 initio
745 4073 832 4134 missi
852 4079 967 4155 essent,
989 4071 1094 4154 paullo
1106 4071 1203 4134 serius
