3075 4750
335 484 400 551 410
733 486 868 542 Mos*

335 667 374 719 tc
403 656 519 718 turdius
551 656 687 739 evulgeti
715 674 787 719 esse
816 656 966 719 videntur.
1009 655 1051 719 Et
1085 656 1164 722 hsec
1186 658 1264 737 ‘ipsu

335 759 395 820 res,
417 740 501 821 quod
521 742 643 822 privete
662 757 756 801 menn
779 744 850 803 sunt
862 740 968 821 scripti
981 746 1012 801 et
1032 740 1174 821 privatim
1188 740 1263 818 deti,

334 826 366 885 in
388 842 483 885 ceusu
504 843 573 885 esse
592 823 728 902 videtur,
757 843 812 884 cur
832 824 981 885 Asterisci
999 824 1164 903 sepuretim
1187 823 1262 885 editi

334 909 397 969 ium
417 926 567 987 nnsquem
588 909 621 967 in
644 906 841 970 bibliothecis
862 907 992 967 inveniri
1005 906 1180 968 videantur.
1201 907 1263 968 Ne·

336 1010 396 1071 que
416 991 447 1050 in
461 990 646 1052 collectione
666 991 806 1071 principe
827 991 1009 1071 scriptorum
1023 990 1157 1069 bertheri,
1181 1009 1265 1070 quse

335 1092 418 1136 nnuc
443 1077 522 1139 1519
546 1074 725 1151 (Basileus)
748 1072 871 1154 prodiit,
892 1072 937 1133 illi
957 1071 1137 1153 redduntur,
1159 1092 1265 1154 neque

334 1158 478 1239 leguntur
498 1158 531 1218 in
553 1156 740 1219 collectione
761 1156 925 1217 Busilisnsi
948 1158 1022 1216 euni
1045 1158 1137 1233 1520,
1161 1176 1264 1237 neque

336 1247 617 1302 commemorantur
631 1241 663 1299 in
676 1238 756 1301 libro
778 1240 945 1318 rarissimo,
968 1240 1053 1299 cuius
1069 1239 1176 1300 titulus
1199 1246 1264 1302 est:

336 1323 499 1404 datumque
521 1327 584 1387 obet
605 1323 730 1403 himiliet
752 1323 821 1385 oller
841 1322 949 1401 lidori
975 1327 1032 1385 unt
1058 1323 1204 1399 &heisten
1226 1324 1264 1384 D.

335 1406 430 1469 illest.
455 1405 535 1482 buti.
558 1410 636 1485 hurd)
663 1404 694 1483 in
729 1407 904 1485 cnsqelcllen
933 1420 999 1468 tom
1030 1406 1075 1484 jot
1095 1404 1265 1471 MDXVIll

335 1491 383 1553 bie
413 1491 462 1553 ins
482 1490 617 1551 XXXIIl.
659 1488 723 1551 llltlt
742 1489 816 1551 cicer
837 1486 1036 1571 llotthete*)r
1077 1488 1264 1571 liliteuberq.

335 1574 370 1635 ln
398 1574 475 1634 line:
519 1572 653 1639 dicheset
679 1590 712 1651 qu
743 1571 917 1651 astoensem
951 1574 1030 1649 hurd)
1057 1569 1143 1648 oms
1176 1572 1263 1650 hullt
1384 1592 1385 1611 ³

336 1656 553 1719 munxxlll.
569 1658 597 1720 8.
609 1653 685 1734 **);
706 1672 808 1733 neque
823 1656 994 1734 quisquam,
1018 1654 1100 1734 quod
1119 1656 1265 1735 equidem
1384 1672 1385 1731 g

336 1740 481 1820 viderim,
515 1741 567 1819 qui
598 1739 778 1817 scriptorum
801 1736 925 1798 Luthsri
957 1736 1109 1799 editiones
1139 1758 1266 1800 enume·
1384 1800 1385 1827 q

335 1842 404 1884 rure
437 1822 553 1883 studuit
579 1821 754 1898 universes,
788 1819 827 1881 de
855 1828 998 1900 seperate
1018 1820 1126 1882 horum
1148 1821 1265 1883 Aste-
1384 1832 1385 1895 l

335 1907 532 1967 riscorum
555 1904 692 1965 editione
712 1905 901 1965 mentionem
923 1904 1014 1981 fucit,-
1027 1923 1086 1965 uec
1106 1904 1265 1967 Fabricius

336 1991 368 2049 in
393 1988 559 2050 centifolio
581 1987 765 2065 Luthereno,
795 2005 854 2047 nec
875 1987 1006 2067 Penner,
1029 1988 1076 2047 vir
1096 1988 1264 2071 diligentis·
1384 2014 1385 2045 1

335 2073 439 2150 simus,
460 2072 491 2130 in
514 2069 685 2131 Annalibus
705 2070 938 2151 typographicis
961 2070 1000 2131 ub
1022 2088 1104 2133 nuno
1126 2072 1201 2132 MDl
1224 2071 1264 2132 nd
1384 2088 1385 2145 j

335 2174 448 2215 sunum
471 2152 658 2216 nuxxxvl
686 2159 755 2231 etc,
778 2171 836 2213 nec
864 2152 1101 2214 Rotsrmuudius
1129 2155 1161 2215 in
1184 2154 1263 2216 libro

335 2257 410 2298 suo:
436 2237 648 2299 Verneichniss
669 2254 732 2297 von
755 2235 816 2295 den
837 2234 1079 2297 verschiedenen
1093 2238 1264 2319 Ausgsbeu

335 2320 392 2382 der
405 2320 616 2383 stmmtlichen
630 2318 781 2381 Schriften
798 2318 935 2382 Luthers.
949 2320 1183 2399 Brema01813,
1204 2340 1265 2382 nec

335 2403 495 2467 Wulchins
507 2407 538 2465 in
547 2402 658 2466 introd.
667 2403 775 2464 histor.
785 2403 824 2463 ed
833 2403 1025 2465 TomXVIlI
1034 2403 1113 2485 Opp.
1122 2404 1223 2484 nuth„
1231 2407 1264 2465 in

336 2508 397 2569 quo
411 2488 561 2551 Asterisci
578 2488 611 2547 in
626 2487 834 2567 germanicum
849 2503 1024 2576 qermonem
1042 2488 1183 2549 transisti
1196 2488 1264 2549 red·

336 2573 458 2650 duntur3
469 2573 501 2631 in
516 2570 711 2632 bibliothecis
726 2569 859 2649 denique
872 2588 931 2630 nec
942 2571 1075 2630 civitntis
1086 2571 1261 2632 Norimber·
1384 2557 1385 2604 l

335 2653 458 2736 gensis,
490 2672 550 2715 nec
572 2652 780 2732 Scheurlienn,
799 2671 859 2712 uec
875 2653 962 2734 regie
983 2653 1180 2732 llonecensi,
1205 2672 1265 2716 nec

336 2737 522 2818 llrlengeusi
544 2741 688 2818 seperate
709 2735 935 2796 Asteriscorum
958 2737 1108 2816 reperitur
1129 2737 1236 2800 editio.
1329 2761 1332 2767 ·

421 2821 488 2883 Nos
509 2827 627 2880 textum
650 2816 841 2879 reddidimus
859 2835 900 2879 ex
923 2818 996 2880 edit.
1018 2837 1090 2900 opp.
1103 2819 1191 2882 Luth.
1213 2821 1264 2882 Je-

336 2905 436 2981 nensi‚
458 2903 573 2964 colletc
596 2922 665 2964 cum
682 2901 846 2963 Loescheri
868 2901 956 2963 Actis
978 2902 1114 2963 Reform.
1137 2911 1169 2964 et
1191 2904 1264 2966 edit.
1384 2963 1385 2966 ,

336 2985 617 3068 Wittembergensi.
661 2986 769 3046 Latine
809 2985 952 3066 leguntur
978 2985 1126 3046 Asterisci
1154 2988 1186 3048 in
1215 2988 1263 3049 ed.

336 3069 406 3130 Jen.
430 3069 465 3132 Τ.
487 3069 501 3129 Ι
522 3089 552 3150 p.
576 3071 616 3133 32
641 3087 707 3148 sqq.
732 3080 763 3128 et
785 3067 855 3128 edit.
873 3065 1033 3130 Wittemb.
1056 3067 1092 3132 T.
1115 3070 1127 3129 l
1149 3090 1179 3150 p.
1205 3070 1265 3136 145

338 3171 403 3234 sqq.
435 3159 466 3212 et
497 3151 683 3213 Germanice
715 3151 797 3232 upud
827 3150 1002 3252 Welchium
1037 3152 1072 3214 Τ.
1104 3153 1205 3215 XVlll
1233 3173 1263 3235 p.

338 3238 399 3302 796
422 3253 490 3316 sqq.

574 3339 797 3439 Asterisci
825 3341 1010 3440 lutheri

551 3479 700 3541 adversus
720 3478 874 3540 obeliscos
892 3478 1065 3556 Eccii***).

338 3580 486 3640 Martinus
501 3580 650 3642 lutherus
673 3579 823 3640 Vencilao
843 3577 938 3642 Linco
961 3580 1142 3642 Ecclesiasti
1167 3581 1266 3643 Nuru-

339 3664 424 3744 berg.
446 3661 617 3744 Ecclesiae,
638 3661 895 3742 vereTheol0g0‚
917 3681 972 3726 suo
981 3665 1011 3724 in
1023 3663 1157 3725 Domino
1171 3665 1266 3726 fratri.

419 3763 509 3839 Quos
531 3785 605 3826 vero
628 3761 668 3824 sd
691 3783 740 3825 me
762 3762 872 3824 dedisti
888 3763 1042 3826 obeliscos
1057 3763 1143 3825 Eccii
1157 3769 1266 3848 nostri,

250 3952 258 3960 .
396 3911 425 3972 ·)
436 3905 1111 3976 Esprnelstioebnthernipsoestcompositu.**)
1133 3907 1266 3965 chlibel-

340 3977 384 4031 lus
392 3983 485 4032 exstet
494 3981 524 4032 in
539 3979 707 4034 bibliothece
718 3977 900 4032 thsurlinns
908 3977 1156 4049 llorimbcrg.”‘)
1175 3981 1251 4038 Nutu
