3075 4750
601 563 626 601 a.
649 548 716 604 1515
734 549 830 601 nsum.
1134 547 1178 614 83

255 717 300 776 sio
320 717 435 776 veritus
458 723 490 776 et
515 715 659 776 iudicium
688 736 784 797 opero
814 735 958 776 manuum
981 718 1066 793 eius,
1097 717 1178 782 Psal.

255 803 326 862 110.
372 797 423 860 Sin
446 800 591 880 disponet
612 819 771 861 sermones
793 819 866 861 suos
888 801 980 860 heros
1002 802 1033 860 in
1054 800 1178 880 iudicio,

254 883 370 942 Jerem.
392 884 449 946 23:
494 881 552 958 Qui
573 883 667 945 habet
694 902 868 944 sermonem
894 902 1013 962 meum,
1045 883 1181 963 loquitur

253 983 429 1025 sermonem
451 985 563 1044 meum,
584 967 605 1027 i.
627 986 646 1027 e
668 969 827 1026 veritatem
850 985 933 1026 vere.
974 967 1009 1026 lu
1026 985 1075 1045 eo,
1094 966 1178 1046 quod

255 1047 331 1108 dieit
351 1067 537 1127 sermonem,
560 1050 696 1110 excludit
715 1050 802 1127 falso,
825 1067 905 1128 quae
927 1049 1003 1109 alias
1020 1050 1180 1111 vooatdo·

253 1131 315 1208 los,
340 1131 508 1211 opprobria
535 1137 594 1194 ete.
637 1133 716 1208 Quia
736 1133 811 1192 talia
833 1151 896 1192 non
919 1140 991 1192 suut
1010 1132 1105 1213 digna
1125 1153 1178 1194 vo

249 1215 318 1273 euri
342 1233 513 1292 sermones,
535 1222 690 1276 ettamen
713 1227 777 1276 nou
800 1215 924 1293 suffieit,
953 1235 1113 1276 sermones
1135 1216 1178 1276 di-

254 1317 335 1376 oere,
359 1297 418 1358 nisi
440 1299 470 1357 in
493 1297 607 1359 iudioio
630 1299 814 1379 dispositos,
837 1299 882 1357 sio
905 1305 936 1358 et
957 1301 1061 1359 omnia
1083 1319 1179 1378 opera

254 1387 314 1441 eto.
359 1379 428 1455 Quo
450 1380 498 1455 fit,
530 1389 563 1441 ut
592 1385 692 1442 omnis
715 1383 875 1459 detractio,
904 1383 930 1440 si
956 1383 1066 1441 fulsum
1093 1381 1178 1461 dicit,

253 1469 366 1543 peccet
387 1465 558 1524 mortaliter
579 1471 686 1526 eontra
706 1465 782 1525 illud
804 1465 997 1543 mandatum,
1031 1484 1094 1524 uon
1123 1466 1178 1525 sal-

248 1567 322 1618 sum
344 1548 552 1608 testimonium
576 1548 676 1627 diaes,
711 1550 735 1607 si
758 1548 833 1608 dioit
853 1565 976 1625 verum,
999 1547 1082 1626 quod
1104 1548 1178 1607 dioit

251 1619 285 1689 dt
308 1629 470 1708 deuaotiO,
491 1632 510 1692 i.
534 1624 561 1691 s]
580 1651 643 1692 non
662 1651 743 1708 vere,
761 1637 995 1711 peeoateootra
1010 1631 1177 1690 seeundum

250 1712 446 1773 mandatum:
489 1713 559 1774 Nou
583 1733 684 1774 sumes
706 1733 819 1774 nomeu
843 1715 901 1774 Dei
925 1715 983 1791 tui,
1007 1716 1026 1777 i.
1050 1733 1077 1775 a.
1100 1717 1176 1774 veri-

253 1801 351 1856 tatem
376 1797 455 1872 (hoo
476 1799 558 1856 euim
581 1805 628 1858 est
649 1816 762 1857 nouren
787 1797 913 1872 Christi,
942 1799 1021 1857 siout
1049 1797 1124 1856 dioit
1143 1800 1175 1858 iu

250 1878 443 1959 Evangelio:
466 1879 535 1960 Ego
552 1901 617 1940 sum
635 1883 765 1954 veritas)
781 1882 811 1939 iu
830 1897 950 1956 vannus,
972 1881 1063 1960 igitur
1078 1881 1175 1940 multo

250 1964 352 2043 magis
376 1981 437 2022 nou
461 1983 564 2022 sumes
586 1963 673 2025 false.

336 2045 416 2120 Quid
438 2065 519 2126 ergo
535 2053 591 2125 est,
613 2049 773 2107 veritatem
797 2065 870 2106 vere
886 2045 1009 2105 disere?
1038 2045 1176 2104 Estesm

251 2148 290 2189 eo
313 2129 396 2207 loeo,
420 2135 578 2208 tempore,
608 2149 701 2190 nausa
723 2136 755 2190 et
777 2128 887 2208 modo,
923 2148 982 2207 quo
1006 2127 1114 2205 debet,
1145 2135 1178 2187 et

248 2213 313 2272 hoo
336 2219 384 2272 est
405 2211 549 2272 iudicium
572 2214 718 2275 veritatis.
762 2211 852 2272 Unde
878 2211 1040 2291 apostolos
1062 2213 1177 2290 praeei—

249 2297 297 2375 pit
318 2294 498 2372 Timotheo,
520 2303 553 2356 ut
574 2315 682 2356 omnes
705 2312 864 2356 sermones
884 2296 950 2353 eius
972 2295 1036 2352 sale
1060 2294 1180 2353 conditi

249 2381 323 2439 sint.
373 2378 443 2439 Non
472 2398 546 2459 ergo
576 2380 688 2441 suffieit
709 2382 869 2439 veritatem
892 2378 995 2437 dicere
1016 2377 1055 2436 ad
1077 2379 1175 2437 vitan·

250 2462 326 2522 dum
347 2468 519 2541 peceatum.

336 2545 432 2605 Tertii
455 2552 541 2624 suut,
564 2546 615 2624 qui
636 2545 707 2606 ideo
731 2566 764 2606 se
786 2546 894 2607 dieunt
915 2544 989 2614 talia
1011 2558 1122 2622 egere,
1144 2547 1178 2600 ut

249 2629 448 2708 publicentur
475 2636 506 2689 st
527 2628 729 2689 emendentur
750 2630 840 2707 talia,
879 2647 958 2707 quae
989 2644 1064 2684 vers
1096 2631 1175 2683 suut.

249 2710 470 2793 Responldetur
490 2712 567 2790 illis,
594 2713 652 2771 iste
683 2730 746 2772 nou
774 2720 834 2785 est
849 2712 958 2771 modus
981 2705 1177 2781 emendandi,

251 2795 307 2855 sed
332 2814 455 2877 semper
476 2794 642 2855 timendum
664 2794 749 2873 illud,
783 2815 822 2854 ne
848 2797 914 2854 sine
941 2792 1055 2853 iudicio
1085 2790 1176 2853 diost.

250 2879 341 2958 Nam,
365 2878 504 2957 quivult
526 2878 690 2937 emendare
701 2878 801 2937 fratris
823 2884 994 2957 peceatum,
1017 2873 1111 2935 habat
1131 2894 1176 2933 re·

251 2962 356 3043 gulam
371 2963 402 3021 in
413 2961 598 3041 Evangelio,
619 2958 710 3040 quam
728 2964 754 3020 si
771 2962 948 3037 coutemnit,
970 2964 1023 3019 aut
1046 2957 1176 3038 pruden-

253 3048 312 3105 tius
335 3066 371 3106 se
392 3062 485 3125 agere
505 3050 602 3125 putet,
624 3064 714 3122 quam
738 3043 878 3104 Christus
900 3043 1022 3117 doouit‚
1044 3047 1176 3120 quantus

252 3146 369 3207 quaeso
390 3130 450 3187 iste
471 3127 570 3187 fatuus
593 3128 664 3187 est?
681 3142 682 3151 ¹
700 3126 782 3186 Nihil
805 3126 955 3205 prollniet,
977 3126 1049 3204 quis
1070 3139 1176 3183 seeun-
1225 3156 1234 3178 .

253 3212 323 3271 dum
347 3228 474 3294 sepsum
497 3212 596 3269 earnis
620 3228 693 3269 suae
715 3212 780 3290 agit
801 3218 833 3269 et
854 3216 942 3269 errat.
987 3207 1098 3267 Videat
1124 3224 1175 3265 au·

252 3302 329 3375 tem,
353 3312 393 3355 ao
417 3313 456 3354 eo
478 3294 567 3371 loeo,
591 3295 619 3353 ei
641 3310 809 3373 personae,
838 3309 877 3352 eo
894 3292 956 3351 due
977 3292 1073 3367 dieat,
1097 3307 1176 3368 quae

253 3380 374 3457 possint
393 3376 538 3455 iudieare,
561 3394 595 3437 se
617 3394 710 3437 eausa
729 3374 964 3452 emendationis,
986 3382 1018 3435 et
1037 3392 1100 3433 nou
1122 3390 1176 3451 po·

253 3463 309 3521 tius
332 3480 436 3521 novae
457 3460 622 3520 delationis
643 3467 696 3520 aut
718 3462 839 3520 otiosae
856 3458 1055 3519 fabulationis
1076 3457 1175 3537 gratia

254 3544 345 3624 loqui.
380 3543 471 3605 Tolle
494 3544 588 3603 otium
612 3550 643 3602 et
665 3543 793 3620 fabulas,
815 3548 848 3601 et
867 3542 1072 3621 paucissimos
1092 3538 1175 3598 vide·

254 3626 311 3707 bis,
334 3628 387 3707 qui
408 3633 537 3706 propter
557 3626 766 3699 emendata*)
790 3631 921 3705 peoeata
943 3624 1077 3703 proximi
1099 3622 1173 3680 reei-

255 3716 325 3773 tent.
370 3710 478 3785 Quarti
501 3715 580 3787 suut,
603 3712 652 3789 qui
675 3710 872 3770 daemonium
887 3726 975 3767 suum
987 3713 1019 3765 et
1030 3704 1175 3783 angelum

256 3800 379 3854 sanatae
401 3792 459 3853 sibi
474 3810 549 3853 auro
567 3799 716 3853 ooronant
733 3799 764 3853 et
779 3792 914 3852 vestiunt
930 3796 962 3849 et
980 3789 1057 3847 miro
1075 3787 1175 3867 splen·

324 4062 354 4128 ⁶)
376 4060 496 4115 Forsan:
532 4066 646 4129 propter
665 4050 895 4115 emendationem.

914 4161 964 4226 61
