3075 4750
347 476 410 548 1⁶2
633 442 817 534 'munes
833 473 945 530 nnn

347 649 410 712 tire
422 665 516 726 ηυι,
530 644 586 710 sed
598 645 719 710 medina
740 651 875 708 verbu
888 649 959 721 alut,
973 643 1026 722 qui
1037 640 1175 721 baptinnt
1186 641 1269 722 igne,

347 738 381 794 ut
402 729 476 792 Lnn.
498 731 535 794 3:
577 728 647 810 Ego
669 729 794 809 quidem
814 747 899 808 aqua
907 725 1270 809 baptinn,venistantem

346 815 458 878 iunior
478 819 554 893 post
568 832 637 891 me,
651 815 738 876 euius
756 832 820 894 ego
842 830 905 874 non
926 831 993 872 sum
1015 811 1126 892 dignus
1147 809 1272 870 solvam

348 897 513 977 aamgiam
536 896 817 960 ualuenmentnnrm
840 897 917 973 eins,
936 896 1005 975 ipsa
1025 891 1195 975 baptizabit
1214 910 1271 952 vos

347 980 454 1060 spiritu
478 986 587 1042 sanem
609 987 642 1040 et
660 981 744 1060 igne.
787 979 838 1042 Siu
858 986 891 1040 et
911 997 1020 1040 vanem
1037 995 1107 1038 nese
1123 975 1199 1036 dinit
1212 975 1272 1036 ula·

348 1063 477 1138 mantis,
510 1060 544 1122 id
567 1069 629 1136 est,
660 1062 753 1124 valde
786 1068 964 1140 sonantem,
1000 1061 1040 1122 nd
1067 1058 1272 1121 differentiam

348 1144 434 1206 verbi
454 1145 560 1223 (qued
575 1152 626 1208 est
637 1145 793 1219 Christus)
818 1153 850 1208 et
870 1145 1069 1206 vehementer
1089 1142 1274 1204 absconditi.

430 1226 641 1290 Haerentem
666 1237 739 1292 sunt
758 1229 923 1308 mysteria,
950 1229 1023 1307 quia
1043 1226 1208 1308 spiritualis
1231 1227 1274 1287 in-

349 1310 522 1390 telligentia
539 1311 628 1392 legis,
648 1331 729 1391 quae
749 1320 800 1374 ast
818 1311 1078 1392 evangelium),
1098 1308 1199 1372 erudit
1219 1309 1273 1370 hu·
1368 1371 1369 1382 ,

350 1394 450 1454 minen
468 1393 511 1454 ad
532 1395 787 1474 patientissimam
812 1395 1022 1474 cognitionem
1040 1393 1160 1474 pedani
1176 1400 1209 1454 at
1228 1392 1275 1453 sui

349 1476 455 1556 ipsius,
477 1477 522 1537 ita
539 1483 573 1537 ut
594 1485 746 1540 mensum
763 1479 895 1558 gratiam
908 1479 1035 1538 omnino
1050 1477 1274 1551 neeessariam,

352 1567 386 1622 et
405 1560 459 1638 qui
480 1559 575 1622 bane,
589 1560 827 1641 intelligentiam
854 1559 1008 1636 habuerit,
1041 1561 1200 1641 proximus
1228 1565 1277 1620 est

350 1644 486 1724 gratiae:
522 1642 603 1718 Quin
629 1643 795 1706 humilibus
821 1643 906 1704 Deus
935 1642 989 1705 dat
1018 1663 1105 1704 sunm
1135 1643 1275 1724 gratiam

350 1725 414 1786 Lex
437 1731 540 1785 autem
563 1725 671 1786 literae
692 1728 772 1786 sieut
792 1725 880 1786 inflat
900 1732 932 1786 et
953 1726 1103 1806 superbos
1126 1726 1209 1802 lauit,
1232 1725 1277 1784 ita

352 1808 552 1889 spiritualiter
572 1808 732 1870 intellecta
756 1808 911 1886 humiliat,
941 1828 980 1869 an
1007 1810 1053 1870 sie
1080 1807 1119 1869 ad
1146 1808 1276 1889 gratiam
1373 1826 1374 1860 1

347 1893 518 1971 ‘praeparat
539 1898 570 1951 et
591 1891 694 1972 dirigit
714 1891 754 1952 ad
767 1892 931 1953 Christum.
973 1891 1010 1954 E.
1030 1910 1079 1974 gr.
1099 1891 1169 1952 Non
1191 1909 1276 1951 moe-

352 1972 495 2034 chaberis
517 1973 557 2033 ad
579 1974 698 2035 literam
722 1975 823 2046 inflat·
836 1994 902 2052 eos,
926 1975 978 2054 qui
1001 1994 1079 2055 opus
1100 1972 1277 2035 huiusmodi
1374 1981 1375 1986 ’

353 2075 416 2117 non
439 2055 572 2134 laniunt,
599 2063 744 2138 tanquam
767 2059 829 2118 sint
849 2057 971 2136 mundi,
1000 2059 1072 2136 quia
1101 2077 1164 2119 non
1193 2075 1274 2118 moe-

356 2139 494 2200 chantur.
539 2139 600 2202 Sed
629 2141 710 2205 hane
744 2139 881 2202 inflatam
915 2140 1058 2204 fiduniam
1088 2141 1199 2202 atemit
1224 2139 1280 2200 illa
1376 2150 1377 2190 l

353 2221 577 2302 intelligentia,
616 2243 678 2284 non
715 2223 929 2318 moechaberiq
962 2243 1064 2303 neque
1099 2222 1194 2284 eorde
1220 2241 1280 2283 nee
1377 2257 1378 2296 Ξ

355 2303 425 2364 ullis
448 2304 561 2366 viribus
584 2307 653 2368 tuis.
696 2306 765 2370 Hoe
786 2314 890 2368 autem
911 2305 1169 2387 auditonquilibet
1190 2305 1279 2366 intel·
1378 2366 1379 2386 ,

355 2388 424 2469 ligit
443 2407 514 2449 sese
541 2409 645 2452 eoram
674 2392 744 2452 Deo
772 2390 942 2469 moechari,
970 2390 1044 2473 qnia
1070 2392 1163 2451 sentit
1189 2408 1279 2449 suum
1378 2388 1379 2399 ¹

355 2473 527 2553 appetitum
546 2471 586 2533 ad
607 2472 784 2549 libidinem,
811 2492 849 2535 an
876 2493 933 2553 per
958 2475 1021 2537 hou
1049 2472 1226 2535 humiliatur
1249 2478 1281 2532 et

355 2574 484 2637 gemens
505 2555 584 2635 fugit
603 2555 644 2616 ad
664 2557 815 2637 gratiam,
837 2558 857 2618 i.
880 2576 909 2619 e.
931 2556 970 2617 ad
991 2556 1176 2637 baptismum
1197 2556 1280 2636 iguis

356 2645 428 2717 post
458 2636 642 2718 baptismum
676 2639 758 2699 hune
784 2658 894 2719 aquae.
942 2639 1034 2719 Aqua
1066 2640 1146 2704 euim
1168 2638 1282 2719 frigida

356 2726 414 2798 nst,
436 2728 469 2784 et
488 2720 561 2782 feeit
581 2720 737 2801 trigidum,
757 2723 778 2783 i.
801 2742 828 2783 e.
851 2740 1023 2803 agnoscere
1046 2721 1166 2798 denuit,
1196 2719 1280 2800 quod

356 2803 530 2866 siruamus
550 2804 623 2882 igne
645 2813 676 2865 et
698 2806 822 2885 spiritu,
840 2812 874 2867 ut
906 2807 953 2867 sie
986 2805 1084 2885 fugiat
1104 2804 1145 2866 ad
1164 2805 1280 2885 ignem.

356 2883 431 2947 lude
448 2886 480 2944 in
495 2886 651 2965 seripturis
668 2888 801 2968 antiquis
822 2908 944 2969 semper
961 2886 1063 2949 bordis
1085 2886 1282 2967 praeditatur

357 2966 508 3029 rectitudo
531 2975 563 3029 et
583 2970 751 3048 munditia,
781 2978 814 3031 ut
834 2972 882 3035 Ps.
905 2972 959 3039 23:
1002 2970 1155 3034 lunonem
1184 2970 1281 3031 mani·

357 3050 414 3114 bus
436 3058 469 3114 et
489 3051 603 3121 mundo
633 3054 744 3131 eorde,
766 3054 854 3133 quasi
872 3054 1006 3130 diceret,
1038 3072 1100 3115 non
1124 3054 1281 3127 estuans,

359 3140 393 3193 ut
415 3154 507 3200 manu
530 3135 550 3194 i.
572 3155 600 3197 e.
622 3156 718 3216 opere
739 3137 782 3198 sis
804 3136 934 3200 mundus
956 3156 975 3196 a
995 3135 1138 3211 libidine,
1167 3134 1221 3197 sed
1251 3142 1283 3199 et

358 3215 462 3282 eorde.
505 3216 593 3280 Tune
615 3220 753 3298 sequitur
773 3219 849 3281 dura
870 3221 1034 3299 seriptum:
1073 3218 1148 3294 Quis
1169 3218 1282 3298 gluria-

358 3296 440 3363 bitur
460 3299 607 3366 mundum
630 3321 664 3362 se
685 3290 799 3363 hab’ere
821 3303 895 3365 eorl
938 3303 1022 3383 Ergo
1039 3302 1141 3365 nullus
1152 3301 1282 3365 adsuun-

358 3380 404 3444 dit
420 3382 450 3443 in
467 3390 603 3447 montem
622 3384 745 3446 Domini
761 3392 888 3467 praeter
895 3385 1057 3465 Christum.
1090 3384 1131 3447 Et
1150 3385 1201 3446 Pr.
1224 3385 1281 3447 94:

360 3462 433 3542 dixi,
458 3485 580 3545 semper
600 3466 631 3527 hi
654 3475 758 3529 errant
780 3468 891 3559 eorde,
914 3476 946 3530 et
965 3468 1016 3531 Ps.
1039 3471 1095 3535 bl:
1119 3487 1174 3529 eor
1196 3486 1282 3527 mun·

361 3547 432 3610 dum
455 3566 528 3617 eren
547 3548 577 3608 in
602 3569 651 3610 me
669 3550 764 3627 Deus,
786 3557 819 3612 et
838 3551 888 3613 Ps.
904 3554 960 3617 24:
983 3550 1096 3615 delleta
1114 3551 1282 3616 iuventutis

360 3650 448 3692 meae
470 3639 502 3693 et
522 3630 713 3712 ignorantias
735 3653 821 3695 meas
843 3654 906 3710 nen
928 3635 1115 3715 memineris,
1136 3634 1282 3711 Domine,

417 3910 446 4031 'tl
465 3910 571 3965 Rursus
590 3914 765 3982 evnngelinm
786 3918 919 3985 accipitur
937 3932 987 3985 pro
1007 3914 1133 3968 doctrina
1145 3912 1177 3965 ll.
1189 3912 1283 3965 Testa·

360 3994 423 4031 men
436 3996 454 4033 ι.
563 4020 567 4028 .
797 4016 800 4023 .
1080 3998 1089 4015 ν
