3075 4750
341 463 404 532 318
706 468 888 538 ,uupntrun
945 474 954 488 '

426 636 484 715 36)
509 634 590 710 Quia
612 637 787 718 ignorantia
807 637 867 698 Dei
888 643 921 698 et
946 637 994 698 sui
1014 623 1143 700 athoni
1166 639 1271 718 operis

342 726 391 781 est
411 727 540 783 naturae
554 719 585 795 ¹)
609 739 733 800 semper
753 720 948 784 invincibilis.

426 805 485 876 37)
503 802 620 866 Natura
641 805 735 866 etiam
757 804 789 863 in
812 823 908 885 opere
924 804 1120 884 specietenus
1142 809 1177 864 et
1197 803 1271 864 loris

342 883 437 959 bono,
458 887 539 946 intus
562 887 738 951 neoarsurio
761 886 911 967 glorians
933 894 965 947 et
984 886 1131 967 superbit

425 969 482 1044 38)
507 967 599 1030 Nulla
621 977 669 1030 εει
690 970 786 1032 virtus
807 969 944 1050 moralis,
966 971 1034 1032 sine
1048 968 1101 1045 rel
1113 970 1271 1050 superbia,

342 1050 392 1115 val
414 1051 552 1130 tristitia,
573 1050 605 1112 id
627 1059 691 1131 est,
714 1059 854 1132 peooato.

426 1132 484 1214 39)
508 1133 577 1195 Non
607 1153 712 1216 snmus
741 1135 859 1197 domini
891 1142 1015 1197 actuum
1043 1141 1224 1198 nostrornm
1252 1156 1272 1196 a

341 1217 493 1361 prinlpipio
514 1217 674 1316 usquead
696 1216 806 1295 linem,
828 1216 885 1280 aad
906 1221 998 1280 servi.
1027 1217 1147 1285 Contra
1167 1219 1270 1281 Philo·

342 1318 378 1362 so
423 1318 470 1362 οε.
841 1362 846 1370 ,

380 1320 483 1460 Ρ40)
506 1383 577 1445 Non
609 1383 757 1466 ellioimur
788 1385 859 1446 iusti
884 1386 967 1450 iusta
993 1385 1173 1464 operando,
1214 1385 1270 1446 sed

341 1467 412 1527 iusti
435 1466 506 1527 faeti
529 1485 692 1547 operamur
713 1469 804 1528 iusta.
846 1467 964 1530 Contra
984 1467 1206 1548 Philosophus.

403 1549 587 1627 ’41)Τοιε
623 1549 687 1612 sere
715 1549 890 1617 Aristotelis
922 1550 1027 1612 ethioa
1053 1553 1193 1632 pessima
1223 1559 1270 1612 εει

343 1634 462 1714 gratiae
483 1634 617 1694 inimioa.
661 1632 778 1694 Contra
797 1632 1019 1697 Soholaatioos.

425 1717 483 1790 42)
515 1715 609 1780 Error
637 1722 698 1795 εει,
732 1716 909 1778 Aristotelis
936 1718 1120 1778 sententiam
1142 1716 1184 1776 de
1205 1717 1270 1777 ieli-

343 1800 443 1944 {imisit
456 1818 519 1861 noa
541 1818 713 1880 repugnare
737 1798 898 1863 doetrinae
923 1799 1107 1863 eatholioae.
1151 1799 1271 1862 Contra

376 1901 396 1943 o
444 1900 487 1944 es.
1094 1897 1099 1907 ⁸

425 1966 483 2038 43)
508 1964 602 2026 Error
630 1973 677 2026 εει
706 1963 825 2044 dicere,
860 1967 928 2026 sine
949 1965 1119 2028 Aristotele
1148 1985 1215 2028 non
1237 1963 1271 2025 lit

342 2046 518 2128 theologus.
561 2047 677 2110 Contra
699 2047 813 2109 dietum
835 2067 1009 2112 commune.

425 2131 484 2205 44)
508 2130 574 2192 Imo
605 2130 771 2213 theologus
800 2151 863 2193 non
894 2130 942 2212 tit,
981 2133 1039 2192 nisi
1066 2131 1097 2192 id
1123 2130 1181 2196 fiat
1202 2133 1270 2192 aine

343 2213 519 2275 Aristotele.

425 2298 483 2377 45)
507 2296 686 2379 Theologns
707 2316 771 2361 non
789 2297 1175 2381 logicuseatmonstrosus
1198 2297 1269 2358 hae-

342 2383 469 2461 reticus,
499 2388 546 2442 εει
574 2388 750 2443 monstrosa
770 2391 803 2443 et
821 2382 977 2443 haeretica
998 2383 1108 2445 oratio.
1152 2380 1271 2444 Contra

343 2464 458 2526 dietum
480 2483 653 2527 commune.

424 2550 484 2625 46)
507 2548 630 2609 Frustra
651 2546 776 2628 fingitur
797 2547 899 2629 logica
915 2545 997 2626 fidei,
1019 2548 1194 2626 suppositio
1207 2568 1269 2608 me·

343 2630 442 2709 dista,
465 2636 554 2693 extra
574 2631 735 2695 terminum
759 2637 791 2693 et
811 2650 981 2693 numerum.
1025 2629 1143 2691 Contra
1163 2649 1269 2716 repen·

342 2720 389 2775 tes
410 2714 607 2775 Dialectieos.

424 2796 598 2874 lntsrtulls
625 2796 725 2859 forma
751 2796 944 2878 syllogistica
969 2801 1055 2860 tanet
1075 2796 1106 2855 in
1130 2796 1269 2857 terminis

343 2878 465 2942 divinis.
508 2879 624 2941 Contra
644 2879 793 2952 Card.²).

424 2964 482 3038 48)
507 2962 578 3025 Non
606 2963 803 3027 tamenideo
826 2963 978 3041 sequitur,
1013 2962 1175 3023 veritatem
1196 2964 1267 3023 arti·

345 3045 405 3107 ooli
426 3044 582 3107 Trinitatis
605 3064 780 3127 repugnare
800 3045 906 3109 formis
929 3044 1139 3125 syllogisticis.
1183 3045 1268 3107 Coo·
1380 3057 1383 3066 ’

342 3136 389 3189 tra
411 3127 536 3209 eoadem
560 3128 651 3193 Card.
667 3128 721 3191 Ca.

424 3214 483 3285 49)
508 3212 539 3275 Si
561 3212 661 3273 forma
681 3212 874 3293 syllogistica
894 3217 981 3273 tanet
999 3212 1032 3271 in
1054 3209 1176 3291 divinia,
1199 3213 1269 3272 arti·

341 3296 428 3363 nulus
448 3294 605 3357 Trinitatis
626 3296 683 3357 erit
704 3296 798 3359 soltus
819 3293 1099 3357 erronearum.

425 3382 484 3455 50)
507 3379 662 3457 Breviter,
689 3386 772 3439 totus
794 3378 979 3451 Aristoteles
1009 3377 1049 3437 ad
1072 3378 1264 3459 theologiam

341 3470 390 3527 est
410 3459 558 3526 tenebrae
578 3460 617 3523 ad
638 3461 749 3525 lucem.
793 3460 908 3523 Contra
929 3460 1150 3524 scholasticos.

424 3550 482 3620 51)
507 3544 641 3605 Dubium
668 3551 716 3605 est
736 3544 922 3624 vehemens,
954 3563 994 3606 an
1024 3545 1180 3605 sententia
1200 3543 1268 3604 Ari-

342 3630 461 3694 stotalis
485 3630 527 3691 sit
544 3626 627 3708 apud
649 3627 786 3691 latinos.

396 3841 426 3903 1)
445 3840 476 3890 ln
496 3838 540 3890 ed.
559 3838 629 3894 1538
648 3842 675 3891 et
695 3838 778 3893 1558:
807 3840 914 3900 natura.
951 3836 984 3901 2)
1005 3806 1138 3907 Intellige'
1152 3838 1266 3890 Petrum

342 3906 376 3961 de
407 3909 512 3962 Alliaco
541 3909 713 3962 Cardinalem
734 3909 889 3971 Gamerae,
918 3910 964 3976 qui
992 3910 1095 3976 passim
1121 3910 1268 3962 refutatur.

342 3982 375 4031 et.
396 3980 541 4032 Loeseheri
562 3984 629 4033 Aeta
648 3981 773 4037 Reform.
791 3979 816 4048 l,
834 3978 896 4035 542.
