3075 4750
591 496 618 538 ι.
639 482 709 543 lois
726 484 824 542 uus.
1108 454 1172 548 '221

249 646 358 708 Formo
379 647 439 708 Dei
462 655 510 708 est
530 652 681 730 potentie,
703 651 873 730 sapientis,
895 649 1074 730 prudentia,
1091 650 1174 714 iusti·

250 730 299 806 m,
323 730 457 808 bonitas,
479 739 512 792 et
532 732 740 818 quodcunque
762 733 877 795 bonum
906 741 968 812 est,
997 752 1060 813 quo
1094 753 1171 796 uuus

249 811 340 874 homo
377 813 468 874 alteri
494 824 600 895 potest
625 817 788 896 praeferri,
820 817 901 876 sicut
926 816 987 877 hoc
1016 815 1106 876 lucilc
1127 824 1176 879 cst

248 913 450 976 cognoscere.
493 897 604 960 Formo
625 900 706 960 servi
727 908 776 960 est
796 898 964 977 subiectio,
986 899 1172 980 insipientis,

247 979 386 1056 smltitie,
409 989 585 1060 paupertas,
608 991 781 1061 peccalum,
802 990 834 1042 et
858 982 1032 1061 quicunque
1047 981 1173 1043 tundens

247 1060 397 1140 detectus,
420 1080 482 1140 quo
495 1063 573 1124 alter
585 1065 673 1126 elteri
685 1065 811 1125 inferior
823 1064 943 1124 censeri
961 1071 1074 1144 potest.
1108 1065 1172 1126 Hos

247 1143 321 1204 dnus
351 1145 467 1204 formes
494 1147 526 1206 in
554 1146 683 1208 homine
707 1147 829 1207 Christo
858 1147 953 1206 fuisse
973 1147 1079 1208 scribit
1099 1167 1172 1228 upo-

246 1227 344 1288 stolus
373 1225 484 1308 Philip.
516 1232 558 1304 2„
578 1228 698 1291 dicens:
743 1229 802 1304 Qui
835 1248 905 1289 oum
934 1229 965 1290 in
994 1229 1092 1290 forme
1115 1231 1172 1293 Dei

246 1316 340 1386 esset,
366 1309 416 1389 (id
439 1317 496 1388 est,
518 1312 627 1391 plenus
648 1313 773 1390 iustitio,
795 1313 963 1392 sapientia,
992 1321 1024 1372 et
1044 1314 1173 1375 veritate

246 1399 305 1452 etc.
328 1392 390 1452 huc
411 1395 495 1464 enim
516 1395 615 1456 forum
635 1395 744 1456 similis
760 1396 827 1474 quis
842 1395 909 1454 Deo
922 1393 1061 1472 efficitur,
1083 1397 1172 1456 cuius

245 1482 318 1536 sunt
342 1477 470 1562 proprio
491 1477 603 1552 solius)
628 1478 759 1539 formam
778 1479 859 1538 servi
871 1478 1027 1557 accipiens
1053 1477 1103 1553 (id
1125 1488 1174 1540 est

246 1558 491 1637 subiectionem,
529 1559 755 1638 infirmitatem,
794 1561 970 1638 stultitiam,
997 1567 1170 1640 peccatum,

246 1650 397 1720 quantum
419 1643 451 1703 io
474 1643 570 1704 oculis
592 1643 751 1704 hominum
772 1644 949 1723 apperuit),
971 1644 1055 1722 prim·
1074 1643 1174 1704 formu

246 1724 321 1784 lucit
344 1741 387 1786 ox
409 1725 504 1786 nihilo
527 1726 660 1805 aliquid,
690 1727 752 1788 imo
776 1727 896 1787 omnis:
926 1727 1081 1804 posterior
1102 1726 1174 1786 fucit

245 1826 285 1868 ex
309 1809 454 1870 omuibus
477 1809 562 1885 nihil,
584 1817 676 1870 etex
699 1810 803 1888 aliquo
824 1828 884 1869 noo
907 1807 1037 1886 aliquid:
1067 1827 1172 1870 oscen·

247 1889 292 1952 dit
314 1890 383 1966 illc,
412 1890 574 1952 descendit
595 1893 663 1952 iste.
706 1891 808 1952 Habet
828 1898 931 1952 nutem
954 1891 1170 1953 omnishomo

246 1973 304 2034 hos
327 1972 403 2034 dues
425 1975 456 2034 ln
480 1993 549 2035 sese
571 1975 702 2036 formos:
735 1975 808 2052 quio
835 1993 928 2034 nemo
950 1975 1073 2054 penitus
1095 1974 1170 2037 nihil

248 2063 312 2134 est,
345 2055 400 2116 sed
430 2065 531 2117 rectus
561 2076 632 2118 usus
661 2059 819 2136 utriusque
850 2058 882 2116 in
904 2056 989 2118 nullo
1012 2057 1170 2116 hominum

248 2146 305 2200 est.
348 2139 439 2198 Hunc
460 2145 562 2200 eutem
586 2159 643 2201 nos
666 2139 771 2200 docuit
793 2147 825 2200 et
845 2140 939 2200 docet
959 2137 1011 2198 hio
1031 2139 1171 2200 Christus

249 2222 354 2284 verbo.
400 2221 486 2282 Siout
507 2222 546 2282 ob
569 2223 714 2302 apostolo
739 2221 880 2283 scribitur
901 2221 1047 2284 docuisse
1068 2241 1171 2283 exem-

248 2304 318 2385 plo,
346 2304 471 2384 quondo
502 2304 584 2366 dicit:
607 2305 668 2366 hoc
689 2307 802 2369 sentite
819 2306 851 2364 iu
874 2304 962 2365 vobis
984 2303 1068 2384 quod
1089 2305 1171 2366 etin

248 2388 371 2449 Christo
395 2388 471 2449 lesu
494 2396 552 2449 etc.
586 2390 701 2450 Rectus
724 2410 796 2449 usus
820 2396 925 2449 sutem
947 2395 1011 2464 est,
1040 2407 1104 2449 non
1125 2388 1171 2448 ru·

248 2490 322 2551 pere
344 2490 414 2531 eom
436 2470 494 2531 sibi
516 2473 585 2551 ipsi,
607 2471 661 2533 sed
685 2472 845 2531 exinanire
867 2490 937 2531 sese
950 2470 1086 2536 ubilis,
1101 2471 1172 2533 Per·

249 2573 355 2614 versus
384 2574 457 2614 usus
484 2562 532 2617 est
560 2575 668 2634 rapere
700 2574 767 2615 eam
798 2553 915 2614 sibiet
942 2554 1071 2633 implere
1101 2573 1193 2618 cesev

247 2639 309 2698 ills.
353 2636 422 2698 Hoc
445 2646 492 2697 est
514 2637 632 2715 dicere,
664 2637 747 2715 quod
771 2637 1015 2712 omnebonum,
1049 2655 1110 2715 quo
1138 2638 1170 2699 io

248 2721 346 2781 torma
373 2720 432 2779 Dei
460 2720 619 2799 ponimur,
648 2740 709 2781 nou
738 2726 865 2799 propter
896 2738 955 2780 nos
982 2718 1087 2780 datum
1114 2726 1171 2798 est,

248 2822 305 2863 nec
313 2810 348 2863 ιιι
359 2804 391 2863 in
403 2805 472 2881 ipso
484 2802 660 2882 gloriemur,
676 2822 734 2863 neo
744 2802 958 2881 superbiamus
971 2802 1171 2867 occultorum

248 2884 703 2966 despiciemusoutiudicemus,
716 2885 767 2963 qui
781 2885 960 2957 nonhabet,
977 2884 1030 2945 sed
1045 2892 1172 2965 propter

249 2989 302 3030 sos
324 2970 429 3048 potius
451 2968 541 3028 nobis
555 2967 659 3029 dotum
676 2976 732 3047 est,
755 2969 805 3047 qui
828 2987 891 3029 noo
912 2967 1036 3038 hebent,
1059 2974 1092 3026 ut
1112 2986 1171 3027 nos

249 3054 291 3111 eis
311 3070 369 3131 per
389 3052 491 3130 ipsum
514 3052 596 3111 etin
626 3053 694 3131 ipso
724 3052 909 3125 serviemus,
929 3057 973 3128 ,et
998 3049 1078 3111 olleo
1106 3069 1170 3115 uon

248 3144 498 3212 contemnemus,
526 3141 559 3193 ut
589 3154 695 3196 eorum
724 3134 807 3193 mels
827 3140 880 3193 aot
901 3133 975 3193 vitia
996 3152 1058 3194 non
1080 3152 1170 3193 secus

248 3238 304 3279 nec
340 3218 461 3277 minore
493 3216 604 3277 effectu
637 3218 841 3297 accipiemus,
880 3235 972 3295 quom
1005 3217 1031 3275 si
1064 3223 1170 3276 nostre

247 3301 372 3380 proprie
400 3300 508 3359 forent.
560 3298 610 3360 Sic
638 3300 719 3360 enim
743 3299 880 3361 Christus
914 3306 965 3375 tut
988 3299 1076 3359 Rom.
1101 3302 1168 3375 15.)

248 3401 308 3444 uon
331 3382 391 3443 sibi
414 3380 530 3461 placuit
549 3384 579 3441 in
602 3383 718 3443 iustitie
740 3402 814 3457 sus,
847 3382 927 3441 siout
953 3382 1072 3461 optimo
1104 3381 1171 3441 iure

247 3467 415 3545 potuisset,
437 3464 492 3525 sed
514 3484 570 3545 pei·
592 3485 659 3525 eum
683 3465 772 3526 uobis
795 3464 934 3542 servivit,
949 3464 1105 3543 recipiens
1122 3481 1170 3522 so·

247 3569 299 3628 per
329 3568 364 3609 se
387 3549 487 3627 ipsum
511 3549 615 3611 omnia
637 3555 766 3628 peccota
788 3555 914 3609 nostre
947 3546 1033 3607 Sicut
1055 3544 1169 3604 ibidem

247 3632 408 3712 spostolus
431 3632 482 3691 eit.
526 3629 588 3691 Sed
611 3632 690 3691 sicut
711 3632 857 3710 scriptum
885 3637 949 3704 est,
982 3627 1172 3707 improperio
1202 3701 1206 3705 ι
1307 3623 1310 3628 ⁴

247 3715 520 3795 improperantium
543 3714 595 3774 tibi
618 3714 796 3775 ceciderunt
823 3731 915 3793 super
942 3730 1009 3789 me,
1041 3709 1102 3771 hoc
1123 3714 1172 3769 est

247 3796 328 3876 quod
352 3797 524 3857 exinanivit
546 3815 580 3857 se
602 3797 702 3877 ipsum
725 3816 782 3858 sue
804 3796 920 3855 forms:
954 3800 985 3853 et
1015 3811 1077 3852 non
1101 3810 1169 3851 eom

247 3882 355 3961 tepuit,
378 3881 467 3958 qussi
488 3878 583 3940 vellet
604 3878 742 3958 aequalis
765 3866 834 3937 ess'e
866 3876 944 3948 Deo,
966 3875 1053 3935 cuius
1074 3874 1171 3936 solius

248 3972 293 4026 est
329 3962 452 4046 inhcc
482 3961 583 4023 forms
615 3961 758 4043 gloriari,
795 3958 920 4039 placere
947 3957 1005 4019 sibi
1034 3967 1068 4019 et
1095 3958 1170 4020 nulli

895 4055 961 4123 15‘
