3075 4750
740 1360 849 1457 1516.

363 1587 567 1688 Quaestio
620 1590 670 1682 ds
706 1568 879 1685 tuitus
917 1592 962 1683 et
1001 1588 1234 1685 uoluntate

299 1747 302 1752 ,
545 1699 727 1797 hominis
757 1700 851 1797 sins
879 1702 1047 1841 gratia.

417 1902 509 1974 Anno
544 1898 638 1979 tout,
670 1920 730 1980 quo
761 1901 901 1962 Andreas
924 1901 1129 1979 Bodenstein,
1162 1902 1262 1962 arohi-

336 1984 484 2045 dieoonus
517 1982 810 2064 Wittenbergensis,
844 1986 895 2062 qui
929 1983 968 2045 ab
1008 1984 1123 2065 oppido
1158 1986 1261 2064 patrio

334 2067 515 2147 plerumque
535 2065 709 2145 appellatur
728 2066 928 2145 Osrlstadius,
951 2066 990 2127 de
1011 2067 1108 2128 libero
1133 2066 1261 2129 arbitrio

334 2150 467 2211 hominis
489 2157 643 2209 sermmen
666 2148 788 2229 publice
810 2151 878 2210 iniit
899 2169 968 2211 oum
989 2150 1032 2210 lo.
1046 2150 1151 2227 Eooio,
1173 2150 1262 2211 theo·

335 2232 407 2313 logo
430 2230 685 2312 ingolstadiensi,
706 2232 871 2311 Lutherus,
895 2251 1027 2311 quocum
1050 2231 1103 2293 ille
1130 2250 1263 2293 eonsen-

334 2315 444 2392 tiebst,
472 2314 633 2395 Augustini
657 2314 696 2375 de
725 2314 784 2376 hoo
810 2334 844 2376 re
875 2321 1039 2396 praesepta
1068 2320 1099 2376 et
1126 2316 1156 2374 in
1187 2334 1262 2376 oon-

334 2398 472 2460 oiouibus
504 2407 547 2461 et,
567 2399 598 2457 in
625 2397 740 2458 soholis
769 2397 911 2459 tradebat
927 2418 965 2458 ao
987 2397 1181 2461 defendebat.
1226 2399 1262 2459 Iu

334 2481 576 2562 diligentissimis
609 2480 732 2540 Lutheri
762 2481 943 2541 scholarum
976 2479 1164 2541 auditoribus
1194 2489 1263 2542 erat

334 2563 590 2624 Bartholomaeus
618 2562 803 2641 Bernhardi‚
834 2564 1027 2627 anno-1487
1056 2561 1261 2625 Feldkirohae

333 2654 432 2720 natus,
455 2644 586 2706 sueviae
608 2645 741 2724 oppido,
763 2664 783 2704 a
805 2645 968 2724 quoidam
999 2646 1091 2706 etiam
1113 2645 1262 2707 Velourio

333 2727 521 2888 suu
550 2726 1161 2892 sausoioeusouououz
1186 2730 1261 2871 :u

335 2856 456 2952 demide
479 2890 757 2972 Wittenbergensia
779 2893 924 2953 Deoanus
952 2901 1032 2968 erat,
1060 2912 1116 2973 pro
1140 2893 1262 2956 honore

334 2974 530 3045 sententiani
557 2973 794 3054 disputationem
817 2975 939 3056 publioe
961 2976 1090 3043 instituit
1114 2975 1170 3048 (oi.
1193 2977 1262 3037 Jdr·

333 3076 420 3138 gens,
434 3056 547 3117 Luther
569 3075 628 3117 von
644 3059 745 3118 seinai
757 3057 875 3119 Geburt
885 3059 932 3120 bis
947 3078 1015 3118 aum
1032 3058 1261 3124 Ablussstreito.

332 3139 417 3200 Tum.
442 3139 492 3216 ΙΙΙ,
514 3143 647 3220 ntus.)
682 3140 731 3200 Ad
755 3141 837 3200 huno
860 3141 1011 3202 honorem
1033 3141 1261 3221 capessendum
1384 3175 1385 3190 κ

333 3221 436 3282 theses
449 3223 610 3307 proposuit
622 3222 661 3283 de
683 3222 833 3284 viribus
857 3233 893 3284 et
917 3223 1122 3284 voluntate
1145 3224 1261 3291 homi-

333 3305 390 3364 nis
422 3306 508 3364 sine
562 3305 680 3381 satia,
715 3307 880 3366 maximam
915 3314 1031 3386 partem
1067 3326 1106 3366 ex
1135 3305 1261 3367 Lutheri

333 3386 515 3448 lectionibus
535 3325 677 3462 findens,
706 3408 743 3448 ao
764 3387 887 3468 publioe
909 3386 1053 3452 defendit.
1098 3387 1261 3472 liutherus,

334 3488 518 3548 quamquam
541 3470 607 3547 ipse
628 3470 683 3530 illo
706 3491 788 3532 anno
811 3471 965 3532 fuoultstis
988 3471 1187 3551 theologicae
1201 3473 1260 3532 Da·

334 3572 428 3612 canus
452 3570 514 3612 non
543 3559 625 3630 erat,
655 3552 726 3613 huio
753 3554 953 3634 disputationi
980 3552 1187 3634 praesidebat.
1230 3555 1261 3615 Is

334 3636 415 3694 enim
449 3635 482 3693 P.
508 3634 643 3696 iohanni
664 3634 788 3716 Longo,
821 3636 1023 3698 Eremitauum
1051 3637 1260 3716 Augustinen-

334 3719 412 3776 sium
427 3716 667 3779 Erfurdiensium
680 3718 786 3796 Priori,
809 3718 847 3780 de
870 3719 928 3780 hao
949 3739 982 3780 re
1003 3721 1045 3778 ita
1068 3719 1189 3779 soribit:
1211 3721 1260 3780 Do

334 3801 487 3878 positione
509 3819 588 3877 mea,
609 3801 671 3860 imo
697 3801 925 3862 Bartholomaei
945 3802 1159 3877 Feldkirohen,
1183 3803 1260 3864 nibil

334 3889 397 3960 est,
432 3881 514 3960 quod
544 3884 689 3943 minentur
718 3884 759 3942 tui
792 3883 1014 3962 Gabrieltstae,
1050 3903 1119 3944 oum
1142 3891 1174 3945 et
1197 3886 1258 3946 mei

335 3962 533 4024 vehementer
553 3964 710 4043 hueusque
732 3967 888 4026 mirentur.
930 3967 971 4027 Et
993 3966 1116 4046 quidem
1140 3969 1257 4048 positio
