<?xml version="1.0" encoding="UTF-8"?>
<!DOCTYPE html PUBLIC "-//W3C//DTD XHTML 1.0 Transitional//EN"
    "http://www.w3.org/TR/xhtml1/DTD/xhtml1-transitional.dtd">
<html xmlns="http://www.w3.org/1999/xhtml" xml:lang="en" lang="en">
 <head>
  <title>
</title>
<meta http-equiv="Content-Type" content="text/html;charset=utf-8" />
  <meta name='ocr-system' content='tesseract 3.04.00' />
  <meta name='ocr-capabilities' content='ocr_page ocr_carea ocr_par ocr_line ocrx_word'/>
</head>
<body>
  <div class='ocr_page' id='page_1' title='image "./operalatinavari01schmgoog_0267.png"; bbox 0 0 3075 4750; ppageno 0'>
   <div class='ocr_carea' id='block_1_1' title="bbox 599 342 1183 539">
    <p class='ocr_par' dir='ltr' id='par_1_1' title="bbox 599 342 1183 539">
     <span class='ocr_line' id='line_1_1' title="bbox 885 342 911 385; baseline 0 0"><span class='ocrx_word' id='word_1_1' title='bbox 885 342 911 385; x_wconf 70' lang='grc' dir='ltr'>Ι</span> 
     </span>
     <span class='ocr_line' id='line_1_2' title="bbox 599 352 1183 539; baseline -0.002 -19"><span class='ocrx_word' id='word_1_2' title='bbox 599 467 633 522; x_wconf 76' lang='lat' dir='ltr'><strong>ie</strong></span> <span class='ocrx_word' id='word_1_3' title='bbox 650 467 841 539; x_wconf 65' lang='lat' dir='ltr'><strong>indulgentiis.</strong></span> <span class='ocrx_word' id='word_1_4' title='bbox 1025 352 1051 413; x_wconf 71' lang='lat' dir='ltr'><strong>l</strong></span> <span class='ocrx_word' id='word_1_5' title='bbox 1120 463 1183 536; x_wconf 72' lang='lat'><strong>259</strong></span> 
     </span>
    </p>
   </div>
   <div class='ocr_carea' id='block_1_2' title="bbox 203 632 1225 1530">
    <p class='ocr_par' dir='ltr' id='par_1_2' title="bbox 203 632 1225 1530">
     <span class='ocr_line' id='line_1_3' title="bbox 203 632 1225 717; baseline -0.001 -18"><span class='ocrx_word' id='word_1_6' title='bbox 203 692 212 700; x_wconf 87' lang='grc'><strong><em>,</em></strong></span> <span class='ocrx_word' id='word_1_7' title='bbox 260 640 319 717; x_wconf 79' lang='lat' dir='ltr'><strong>sis,</strong></span> <span class='ocrx_word' id='word_1_8' title='bbox 354 638 449 699; x_wconf 53' lang='lat' dir='ltr'><strong>mam</strong></span> <span class='ocrx_word' id='word_1_9' title='bbox 477 632 544 697; x_wconf 89' lang='lat' dir='ltr'><strong>sedi</strong></span> <span class='ocrx_word' id='word_1_10' title='bbox 572 637 764 717; x_wconf 82' lang='lat' dir='ltr'><strong>apostolicae</strong></span> <span class='ocrx_word' id='word_1_11' title='bbox 786 638 961 716; x_wconf 76' lang='lat' dir='ltr'><strong>reservatis,</strong></span> <span class='ocrx_word' id='word_1_12' title='bbox 980 638 1013 698; x_wconf 89' lang='lat' dir='ltr'><strong>in</strong></span> <span class='ocrx_word' id='word_1_13' title='bbox 1035 640 1183 717; x_wconf 85' lang='lat' dir='ltr'><strong>quantum</strong></span> <span class='ocrx_word' id='word_1_14' title='bbox 1219 704 1225 709; x_wconf 62' lang='grc'><em>,</em></span> 
     </span>
     <span class='ocr_line' id='line_1_4' title="bbox 262 719 1187 801; baseline 0 -20"><span class='ocrx_word' id='word_1_15' title='bbox 262 722 336 781; x_wconf 86' lang='lat' dir='ltr'><strong>mihi</strong></span> <span class='ocrx_word' id='word_1_16' title='bbox 362 721 494 781; x_wconf 85' lang='lat' dir='ltr'><strong>facultas</strong></span> <span class='ocrx_word' id='word_1_17' title='bbox 519 719 706 781; x_wconf 87' lang='lat' dir='ltr'><strong>conceditur.</strong></span> <span class='ocrx_word' id='word_1_18' title='bbox 756 720 797 782; x_wconf 74' lang='lat' dir='ltr'><strong>lit</strong></span> <span class='ocrx_word' id='word_1_19' title='bbox 823 723 941 783; x_wconf 86' lang='lat' dir='ltr'><strong>iterum·</strong></span> <span class='ocrx_word' id='word_1_20' title='bbox 958 721 1102 801; x_wconf 83' lang='lat' dir='ltr'><strong>remitto,</strong></span> <span class='ocrx_word' id='word_1_21' title='bbox 1130 740 1187 801; x_wconf 88' lang='lat' dir='ltr'><strong>per</strong></span> 
     </span>
     <span class='ocr_line' id='line_1_5' title="bbox 260 801 1186 885; baseline -0.001 -21"><span class='ocrx_word' id='word_1_22' title='bbox 260 805 433 885; x_wconf 75' lang='lat' dir='ltr'><strong>plenariam</strong></span> <span class='ocrx_word' id='word_1_23' title='bbox 454 801 693 883; x_wconf 79' lang='lat' dir='ltr'><strong>indulgentiam,</strong></span> <span class='ocrx_word' id='word_1_24' title='bbox 721 822 845 864; x_wconf 89' lang='lat' dir='ltr'><strong>omnem</strong></span> <span class='ocrx_word' id='word_1_25' title='bbox 867 821 1001 884; x_wconf 89' lang='lat' dir='ltr'><strong>poenam</strong></span> <span class='ocrx_word' id='word_1_26' title='bbox 1023 804 1054 863; x_wconf 91' lang='lat' dir='ltr'><strong>in</strong></span> <span class='ocrx_word' id='word_1_27' title='bbox 1077 822 1186 885; x_wconf 84' lang='lat' dir='ltr'><strong>purga·</strong></span> 
     </span>
     <span class='ocr_line' id='line_1_6' title="bbox 262 884 1187 970; baseline -0.003 -22"><span class='ocrx_word' id='word_1_28' title='bbox 262 888 344 948; x_wconf 88' lang='lat' dir='ltr'><strong>torio</strong></span> <span class='ocrx_word' id='word_1_29' title='bbox 367 886 423 947; x_wconf 88' lang='lat' dir='ltr'><strong>tibi</strong></span> <span class='ocrx_word' id='word_1_30' title='bbox 444 885 589 970; x_wconf 76' lang='lat' dir='ltr'><strong>debitam,</strong></span> <span class='ocrx_word' id='word_1_31' title='bbox 611 904 667 965; x_wconf 86' lang='lat' dir='ltr'><strong>pro</strong></span> <span class='ocrx_word' id='word_1_32' title='bbox 681 888 870 967; x_wconf 80' lang='lat' dir='ltr'><strong>praemissis,</strong></span> <span class='ocrx_word' id='word_1_33' title='bbox 888 888 1062 947; x_wconf 83' lang='lat' dir='ltr'><strong>acrentituo</strong></span> <span class='ocrx_word' id='word_1_34' title='bbox 1076 884 1121 946; x_wconf 85' lang='lat' dir='ltr'><strong>Te</strong></span> <span class='ocrx_word' id='word_1_35' title='bbox 1142 885 1187 945; x_wconf 90' lang='lat' dir='ltr'><strong>illi</strong></span> 
     </span>
     <span class='ocr_line' id='line_1_7' title="bbox 261 969 1186 1050; baseline 0 -21"><span class='ocrx_word' id='word_1_36' title='bbox 261 970 461 1030; x_wconf 73' lang='lat' dir='ltr'><strong>innocentiae</strong></span> <span class='ocrx_word' id='word_1_37' title='bbox 482 975 514 1028; x_wconf 88' lang='lat' dir='ltr'><strong>et</strong></span> <span class='ocrx_word' id='word_1_38' title='bbox 526 969 661 1047; x_wconf 84' lang='lat' dir='ltr'><strong>puritati,</strong></span> <span class='ocrx_word' id='word_1_39' title='bbox 684 988 776 1048; x_wconf 84' lang='lat' dir='ltr'><strong>qnam</strong></span> <span class='ocrx_word' id='word_1_40' title='bbox 797 970 829 1029; x_wconf 89' lang='lat' dir='ltr'><strong>in</strong></span> <span class='ocrx_word' id='word_1_41' title='bbox 852 969 1186 1050; x_wconf 81' lang='lat' dir='ltr'><strong>baptismoaocepistn&#39;,</strong></span> 
     </span>
     <span class='ocr_line' id='line_1_8' title="bbox 261 1050 1184 1131; baseline -0.002 -18"><span class='ocrx_word' id='word_1_42' title='bbox 261 1054 304 1113; x_wconf 87' lang='lat' dir='ltr'><strong>ita</strong></span> <span class='ocrx_word' id='word_1_43' title='bbox 326 1052 410 1131; x_wconf 82' lang='lat' dir='ltr'><strong>qnod</strong></span> <span class='ocrx_word' id='word_1_44' title='bbox 433 1051 596 1112; x_wconf 78' lang='lat' dir='ltr'><strong>decedenti</strong></span> <span class='ocrx_word' id='word_1_45' title='bbox 613 1050 682 1111; x_wconf 82' lang='lat' dir='ltr'><strong>Tibi</strong></span> <span class='ocrx_word' id='word_1_46' title='bbox 703 1052 741 1112; x_wconf 90' lang='lat' dir='ltr'><strong>ab</strong></span> <span class='ocrx_word' id='word_1_47' title='bbox 764 1053 826 1114; x_wconf 89' lang='lat' dir='ltr'><strong>hoo</strong></span> <span class='ocrx_word' id='word_1_48' title='bbox 848 1052 954 1112; x_wconf 89' lang='lat' dir='ltr'><strong>seculo</strong></span> <span class='ocrx_word' id='word_1_49' title='bbox 977 1052 1102 1113; x_wconf 86' lang='lat' dir='ltr'><strong>clausae</strong></span> <span class='ocrx_word' id='word_1_50' title='bbox 1124 1053 1184 1111; x_wconf 91' lang='lat' dir='ltr'><strong>sint</strong></span> 
     </span>
     <span class='ocr_line' id='line_1_9' title="bbox 261 1134 1185 1216; baseline -0.003 -19"><span class='ocrx_word' id='word_1_51' title='bbox 261 1143 371 1216; x_wconf 89' lang='lat' dir='ltr'><strong>portae</strong></span> <span class='ocrx_word' id='word_1_52' title='bbox 394 1152 562 1213; x_wconf 85' lang='lat' dir='ltr'><strong>poenarum</strong></span> <span class='ocrx_word' id='word_1_53' title='bbox 591 1139 623 1193; x_wconf 90' lang='lat' dir='ltr'><strong>et</strong></span> <span class='ocrx_word' id='word_1_54' title='bbox 650 1142 777 1215; x_wconf 87' lang='lat' dir='ltr'><strong>apertae</strong></span> <span class='ocrx_word' id='word_1_55' title='bbox 799 1136 911 1196; x_wconf 86' lang='lat' dir='ltr'><strong>ianuae</strong></span> <span class='ocrx_word' id='word_1_56' title='bbox 932 1134 1109 1195; x_wconf 89' lang='lat' dir='ltr'><strong>deliciarum</strong></span> <span class='ocrx_word' id='word_1_57' title='bbox 1132 1152 1185 1215; x_wconf 60' lang='lat' dir='ltr'><strong>poe</strong></span> 
     </span>
     <span class='ocr_line' id='line_1_10' title="bbox 260 1215 1188 1297; baseline -0.001 -18"><span class='ocrx_word' id='word_1_58' title='bbox 260 1218 365 1279; x_wconf 85' lang='lat' dir='ltr'><strong>rudisi.</strong></span> <span class='ocrx_word' id='word_1_59' title='bbox 409 1215 500 1292; x_wconf 80' lang='lat' dir='ltr'><strong>Quod</strong></span> <span class='ocrx_word' id='word_1_60' title='bbox 521 1218 545 1277; x_wconf 87' lang='lat' dir='ltr'><strong>si</strong></span> <span class='ocrx_word' id='word_1_61' title='bbox 574 1216 634 1276; x_wconf 86' lang='lat' dir='ltr'><strong>hac</strong></span> <span class='ocrx_word' id='word_1_62' title='bbox 660 1220 728 1278; x_wconf 88' lang='lat' dir='ltr'><strong>vice</strong></span> <span class='ocrx_word' id='word_1_63' title='bbox 758 1238 821 1279; x_wconf 91' lang='lat' dir='ltr'><strong>non</strong></span> <span class='ocrx_word' id='word_1_64' title='bbox 848 1218 1005 1297; x_wconf 84' lang='lat' dir='ltr'><strong>morieris,</strong></span> <span class='ocrx_word' id='word_1_65' title='bbox 1034 1217 1121 1277; x_wconf 86' lang='lat' dir='ltr'><strong>salva</strong></span> <span class='ocrx_word' id='word_1_66' title='bbox 1149 1218 1188 1278; x_wconf 91' lang='lat' dir='ltr'><strong>sit</strong></span> 
     </span>
     <span class='ocr_line' id='line_1_11' title="bbox 260 1300 1190 1380; baseline 0 -19"><span class='ocrx_word' id='word_1_67' title='bbox 260 1302 328 1363; x_wconf 75' lang='lat' dir='ltr'><strong>libi</strong></span> <span class='ocrx_word' id='word_1_68' title='bbox 351 1300 551 1360; x_wconf 86' lang='lat' dir='ltr'><strong>nihilominus</strong></span> <span class='ocrx_word' id='word_1_69' title='bbox 571 1301 632 1359; x_wconf 90' lang='lat' dir='ltr'><strong>ista</strong></span> <span class='ocrx_word' id='word_1_70' title='bbox 651 1302 766 1380; x_wconf 87' lang='lat' dir='ltr'><strong>gratia,</strong></span> <span class='ocrx_word' id='word_1_71' title='bbox 795 1300 919 1379; x_wconf 89' lang='lat' dir='ltr'><strong>quando</strong></span> <span class='ocrx_word' id='word_1_72' title='bbox 942 1300 1018 1361; x_wconf 86' lang='lat' dir='ltr'><strong>alias</strong></span> <span class='ocrx_word' id='word_1_73' title='bbox 1041 1301 1135 1363; x_wconf 77' lang='lat' dir='ltr'><strong>tueris</strong></span> <span class='ocrx_word' id='word_1_74' title='bbox 1154 1302 1190 1361; x_wconf 88' lang='lat' dir='ltr'><strong>in·</strong></span> 
     </span>
     <span class='ocr_line' id='line_1_12' title="bbox 262 1382 1186 1463; baseline -0.002 -18"><span class='ocrx_word' id='word_1_75' title='bbox 262 1384 393 1445; x_wconf 91' lang='lat' dir='ltr'><strong>articulo</strong></span> <span class='ocrx_word' id='word_1_76' title='bbox 416 1384 532 1445; x_wconf 87' lang='lat' dir='ltr'><strong>mortis.</strong></span> <span class='ocrx_word' id='word_1_77' title='bbox 575 1383 609 1442; x_wconf 94' lang='lat' dir='ltr'><strong>ln</strong></span> <span class='ocrx_word' id='word_1_78' title='bbox 631 1385 757 1444; x_wconf 91' lang='lat' dir='ltr'><strong>nomine</strong></span> <span class='ocrx_word' id='word_1_79' title='bbox 779 1384 877 1444; x_wconf 85' lang='lat' dir='ltr'><strong>Patris</strong></span> <span class='ocrx_word' id='word_1_80' title='bbox 900 1388 931 1444; x_wconf 91' lang='lat' dir='ltr'><strong>et</strong></span> <span class='ocrx_word' id='word_1_81' title='bbox 951 1383 1020 1445; x_wconf 84' lang='lat' dir='ltr'><strong>Filii</strong></span> <span class='ocrx_word' id='word_1_82' title='bbox 1042 1391 1074 1443; x_wconf 89' lang='lat' dir='ltr'><strong>et</strong></span> <span class='ocrx_word' id='word_1_83' title='bbox 1093 1382 1186 1463; x_wconf 79' lang='lat' dir='ltr'><strong>Spiri-</strong></span> 
     </span>
     <span class='ocr_line' id='line_1_13' title="bbox 261 1466 601 1530; baseline -0.012 -1"><span class='ocrx_word' id='word_1_84' title='bbox 261 1475 309 1529; x_wconf 89' lang='lat' dir='ltr'><strong>tus</strong></span> <span class='ocrx_word' id='word_1_85' title='bbox 331 1466 447 1530; x_wconf 78' lang='lat' dir='ltr'><strong>Sancti.</strong></span> <span class='ocrx_word' id='word_1_86' title='bbox 490 1466 601 1526; x_wconf 85' lang='lat' dir='ltr'><strong>Amen.</strong></span> 
     </span>
    </p>
   </div>
   <div class='ocr_carea' id='block_1_3' title="bbox 461 1594 989 1673">
    <p class='ocr_par' dir='ltr' id='par_1_3' title="bbox 461 1594 989 1673">
     <span class='ocr_line' id='line_1_14' title="bbox 461 1594 989 1673; baseline 0.004 -18"><span class='ocrx_word' id='word_1_87' title='bbox 461 1594 597 1665; x_wconf 75' lang='lat' dir='ltr'><strong>Forma</strong></span> <span class='ocrx_word' id='word_1_88' title='bbox 620 1594 771 1654; x_wconf 86' lang='lat' dir='ltr'><strong>totiens</strong></span> <span class='ocrx_word' id='word_1_89' title='bbox 795 1595 989 1673; x_wconf 68' lang='lat' dir='ltr'><strong>quotiens·</strong></span> 
     </span>
    </p>
   </div>
   <div class='ocr_carea' id='block_1_4' title="bbox 260 1702 1188 2208">
    <p class='ocr_par' dir='ltr' id='par_1_4' title="bbox 260 1702 1188 2208">
     <span class='ocr_line' id='line_1_15' title="bbox 276 1702 1187 1775; baseline -0.003 -3"><span class='ocrx_word' id='word_1_90' title='bbox 276 1754 279 1759; x_wconf 91' lang='lat'>-</span> <span class='ocrx_word' id='word_1_91' title='bbox 344 1712 526 1772; x_wconf 68' lang='lat' dir='ltr'><strong>misereatur</strong></span> <span class='ocrx_word' id='word_1_92' title='bbox 546 1712 589 1771; x_wconf 90' lang='lat' dir='ltr'><strong>tui</strong></span> <span class='ocrx_word' id='word_1_93' title='bbox 609 1717 669 1771; x_wconf 82' lang='lat' dir='ltr'><strong>etc</strong></span> <span class='ocrx_word' id='word_1_94' title='bbox 707 1702 857 1771; x_wconf 85' lang='lat' dir='ltr'><strong>Dominus</strong></span> <span class='ocrx_word' id='word_1_95' title='bbox 879 1717 985 1775; x_wconf 86' lang='lat' dir='ltr'><strong>noster</strong></span> <span class='ocrx_word' id='word_1_96' title='bbox 999 1708 1187 1769; x_wconf 80' lang='lat' dir='ltr'><strong>desusGhri·</strong></span> 
     </span>
     <span class='ocr_line' id='line_1_16' title="bbox 260 1792 1186 1875; baseline -0.005 -19"><span class='ocrx_word' id='word_1_97' title='bbox 260 1804 327 1857; x_wconf 83' lang='lat' dir='ltr'><strong>ems</strong></span> <span class='ocrx_word' id='word_1_98' title='bbox 347 1814 405 1875; x_wconf 87' lang='lat' dir='ltr'><strong>per</strong></span> <span class='ocrx_word' id='word_1_99' title='bbox 428 1796 560 1854; x_wconf 80' lang='lat' dir='ltr'><strong>miiitum</strong></span> <span class='ocrx_word' id='word_1_100' title='bbox 582 1812 657 1853; x_wconf 87' lang='lat' dir='ltr'><strong>suae</strong></span> <span class='ocrx_word' id='word_1_101' title='bbox 678 1795 831 1873; x_wconf 85' lang='lat' dir='ltr'><strong>passionis</strong></span> <span class='ocrx_word' id='word_1_102' title='bbox 854 1800 885 1853; x_wconf 88' lang='lat' dir='ltr'><strong>ta</strong></span> <span class='ocrx_word' id='word_1_103' title='bbox 907 1792 1058 1855; x_wconf 81' lang='lat' dir='ltr'><strong>absolvat.</strong></span> <span class='ocrx_word' id='word_1_104' title='bbox 1091 1792 1186 1852; x_wconf 82' lang='lat' dir='ltr'><strong>Anto·</strong></span> 
     </span>
     <span class='ocr_line' id='line_1_17' title="bbox 260 1876 1188 1956; baseline -0.008 -17"><span class='ocrx_word' id='word_1_105' title='bbox 260 1881 351 1939; x_wconf 82' lang='lat' dir='ltr'><strong>ritate</strong></span> <span class='ocrx_word' id='word_1_106' title='bbox 372 1879 438 1937; x_wconf 89' lang='lat' dir='ltr'><strong>eius</strong></span> <span class='ocrx_word' id='word_1_107' title='bbox 451 1882 482 1937; x_wconf 90' lang='lat' dir='ltr'><strong>et</strong></span> <span class='ocrx_word' id='word_1_108' title='bbox 495 1877 679 1956; x_wconf 87' lang='lat' dir='ltr'><strong>apostolica,</strong></span> <span class='ocrx_word' id='word_1_109' title='bbox 702 1877 776 1936; x_wconf 90' lang='lat' dir='ltr'><strong>mihi</strong></span> <span class='ocrx_word' id='word_1_110' title='bbox 796 1878 828 1935; x_wconf 90' lang='lat' dir='ltr'><strong>iri</strong></span> <span class='ocrx_word' id='word_1_111' title='bbox 841 1876 903 1937; x_wconf 93' lang='lat' dir='ltr'><strong>hoc</strong></span> <span class='ocrx_word' id='word_1_112' title='bbox 915 1882 1004 1956; x_wconf 86' lang='lat' dir='ltr'><strong>parte</strong></span> <span class='ocrx_word' id='word_1_113' title='bbox 1019 1876 1188 1939; x_wconf 87' lang='lat' dir='ltr'><strong>commissa</strong></span> 
     </span>
     <span class='ocr_line' id='line_1_18' title="bbox 260 1958 1186 2040; baseline -0.006 -18"><span class='ocrx_word' id='word_1_114' title='bbox 260 1961 369 2022; x_wconf 76' lang='lat' dir='ltr'><strong>etlibi</strong></span> <span class='ocrx_word' id='word_1_115' title='bbox 391 1978 558 2039; x_wconf 84' lang='lat' dir='ltr'><strong>concessa,</strong></span> <span class='ocrx_word' id='word_1_116' title='bbox 589 1958 659 2040; x_wconf 78' lang='lat' dir='ltr'><strong>Ego</strong></span> <span class='ocrx_word' id='word_1_117' title='bbox 683 1965 715 2019; x_wconf 91' lang='lat' dir='ltr'><strong>te</strong></span> <span class='ocrx_word' id='word_1_118' title='bbox 735 1959 866 2021; x_wconf 69' lang='lat' dir='ltr'><strong>nusobo</strong></span> <span class='ocrx_word' id='word_1_119' title='bbox 889 1958 927 2020; x_wconf 89' lang='lat' dir='ltr'><strong>ab</strong></span> <span class='ocrx_word' id='word_1_120' title='bbox 951 1958 1093 2019; x_wconf 88' lang='lat' dir='ltr'><strong>omnibus</strong></span> <span class='ocrx_word' id='word_1_121' title='bbox 1116 1976 1186 2017; x_wconf 87' lang='lat' dir='ltr'><strong>uen-</strong></span> 
     </span>
     <span class='ocr_line' id='line_1_19' title="bbox 260 2040 1188 2123; baseline -0.005 -19"><span class='ocrx_word' id='word_1_122' title='bbox 260 2046 339 2105; x_wconf 86' lang='lat' dir='ltr'><strong>suris</strong></span> <span class='ocrx_word' id='word_1_123' title='bbox 361 2049 394 2104; x_wconf 90' lang='lat' dir='ltr'><strong>et</strong></span> <span class='ocrx_word' id='word_1_124' title='bbox 413 2044 550 2123; x_wconf 88' lang='lat' dir='ltr'><strong>peccatis</strong></span> <span class='ocrx_word' id='word_1_125' title='bbox 573 2044 646 2119; x_wconf 79' lang='lat' dir='ltr'><strong>tisis,</strong></span> <span class='ocrx_word' id='word_1_126' title='bbox 679 2043 710 2101; x_wconf 90' lang='lat' dir='ltr'><strong>in</strong></span> <span class='ocrx_word' id='word_1_127' title='bbox 740 2043 868 2103; x_wconf 91' lang='lat' dir='ltr'><strong>nomine</strong></span> <span class='ocrx_word' id='word_1_128' title='bbox 889 2042 989 2103; x_wconf 89' lang='lat' dir='ltr'><strong>Patris</strong></span> <span class='ocrx_word' id='word_1_129' title='bbox 1010 2048 1042 2101; x_wconf 90' lang='lat' dir='ltr'><strong>et</strong></span> <span class='ocrx_word' id='word_1_130' title='bbox 1063 2040 1132 2101; x_wconf 85' lang='lat' dir='ltr'><strong>Filii</strong></span> <span class='ocrx_word' id='word_1_131' title='bbox 1154 2046 1188 2099; x_wconf 86' lang='lat' dir='ltr'><strong>ot</strong></span> 
     </span>
     <span class='ocr_line' id='line_1_20' title="bbox 261 2124 680 2208; baseline -0.007 -18"><span class='ocrx_word' id='word_1_132' title='bbox 261 2127 394 2208; x_wconf 79' lang='lat' dir='ltr'><strong>Spiritus</strong></span> <span class='ocrx_word' id='word_1_133' title='bbox 415 2124 529 2188; x_wconf 76' lang='lat' dir='ltr'><strong>Sancti.</strong></span> <span class='ocrx_word' id='word_1_134' title='bbox 572 2129 680 2189; x_wconf 81' lang='lat' dir='ltr'><strong>Amen.</strong></span> 
     </span>
    </p>
   </div>
   <div class='ocr_carea' id='block_1_5' title="bbox 298 2246 1167 2405">
    <p class='ocr_par' dir='ltr' id='par_1_5' title="bbox 298 2246 1167 2405">
     <span class='ocr_line' id='line_1_21' title="bbox 298 2246 1167 2341; baseline -0.008 -16"><span class='ocrx_word' id='word_1_135' title='bbox 298 2263 441 2325; x_wconf 81' lang='lat' dir='ltr'><strong>Forma</strong></span> <span class='ocrx_word' id='word_1_136' title='bbox 470 2246 817 2341; x_wconf 71' lang='lat' dir='ltr'><strong>commentationum</strong></span> <span class='ocrx_word' id='word_1_137' title='bbox 838 2265 1020 2321; x_wconf 89' lang='lat' dir='ltr'><strong>votorum</strong></span> <span class='ocrx_word' id='word_1_138' title='bbox 1042 2246 1167 2319; x_wconf 36' lang='lat' dir='ltr'><strong>futu-¹</strong></span> 
     </span>
     <span class='ocr_line' id='line_1_22' title="bbox 651 2360 788 2405; baseline 0.022 -3"><span class='ocrx_word' id='word_1_139' title='bbox 651 2360 788 2405; x_wconf 87' lang='lat' dir='ltr'><strong>rorum.</strong></span> 
     </span>
    </p>
   </div>
   <div class='ocr_carea' id='block_1_6' title="bbox 257 2452 1187 2868">
    <p class='ocr_par' dir='ltr' id='par_1_6' title="bbox 257 2452 1187 2868">
     <span class='ocr_line' id='line_1_23' title="bbox 342 2452 1187 2534; baseline -0.004 -18"><span class='ocrx_word' id='word_1_140' title='bbox 342 2456 462 2516; x_wconf 73' lang='lat' dir='ltr'><strong>Eadem</strong></span> <span class='ocrx_word' id='word_1_141' title='bbox 484 2455 649 2516; x_wconf 89' lang='lat' dir='ltr'><strong>autoritate</strong></span> <span class='ocrx_word' id='word_1_142' title='bbox 670 2463 777 2516; x_wconf 82' lang='lat' dir='ltr'><strong>votum</strong></span> <span class='ocrx_word' id='word_1_143' title='bbox 799 2454 850 2516; x_wconf 91' lang='lat' dir='ltr'><strong>vel</strong></span> <span class='ocrx_word' id='word_1_144' title='bbox 872 2461 962 2534; x_wconf 87' lang='lat' dir='ltr'><strong>vota,</strong></span> <span class='ocrx_word' id='word_1_145' title='bbox 989 2471 1045 2534; x_wconf 88' lang='lat' dir='ltr'><strong>per</strong></span> <span class='ocrx_word' id='word_1_146' title='bbox 1075 2459 1106 2513; x_wconf 87' lang='lat' dir='ltr'><strong>te</strong></span> <span class='ocrx_word' id='word_1_147' title='bbox 1134 2452 1187 2514; x_wconf 84' lang='lat' dir='ltr'><strong>vel</strong></span> 
     </span>
     <span class='ocr_line' id='line_1_24' title="bbox 257 2535 1185 2622; baseline -0.006 -20"><span class='ocrx_word' id='word_1_148' title='bbox 257 2560 315 2622; x_wconf 89' lang='lat' dir='ltr'><strong>pro</strong></span> <span class='ocrx_word' id='word_1_149' title='bbox 343 2546 376 2601; x_wconf 87' lang='lat' dir='ltr'><strong>te</strong></span> <span class='ocrx_word' id='word_1_150' title='bbox 397 2540 542 2599; x_wconf 89' lang='lat' dir='ltr'><strong>emissum</strong></span> <span class='ocrx_word' id='word_1_151' title='bbox 563 2537 614 2597; x_wconf 89' lang='lat' dir='ltr'><strong>vel</strong></span> <span class='ocrx_word' id='word_1_152' title='bbox 636 2538 766 2618; x_wconf 89' lang='lat' dir='ltr'><strong>emissa,</strong></span> <span class='ocrx_word' id='word_1_153' title='bbox 798 2540 829 2598; x_wconf 88' lang='lat' dir='ltr'><strong>in</strong></span> <span class='ocrx_word' id='word_1_154' title='bbox 852 2537 928 2598; x_wconf 90' lang='lat' dir='ltr'><strong>illud</strong></span> <span class='ocrx_word' id='word_1_155' title='bbox 951 2557 1028 2618; x_wconf 88' lang='lat' dir='ltr'><strong>opus</strong></span> <span class='ocrx_word' id='word_1_156' title='bbox 1050 2535 1185 2617; x_wconf 79' lang='lat' dir='ltr'><strong>pietatis,</strong></span> 
     </span>
     <span class='ocr_line' id='line_1_25' title="bbox 258 2620 1184 2700; baseline -0.005 -16"><span class='ocrx_word' id='word_1_157' title='bbox 258 2624 365 2684; x_wconf 84' lang='lat' dir='ltr'><strong>velia</strong></span> <span class='ocrx_word' id='word_1_158' title='bbox 387 2622 442 2682; x_wconf 89' lang='lat' dir='ltr'><strong>illa</strong></span> <span class='ocrx_word' id='word_1_159' title='bbox 464 2641 560 2700; x_wconf 83' lang='lat' dir='ltr'><strong>opera</strong></span> <span class='ocrx_word' id='word_1_160' title='bbox 580 2621 712 2700; x_wconf 86' lang='lat' dir='ltr'><strong>pietatis,</strong></span> <span class='ocrx_word' id='word_1_161' title='bbox 733 2620 934 2700; x_wconf 89' lang='lat' dir='ltr'><strong>exprimendo</strong></span> <span class='ocrx_word' id='word_1_162' title='bbox 957 2620 1012 2680; x_wconf 83' lang='lat' dir='ltr'><strong>tibi</strong></span> <span class='ocrx_word' id='word_1_163' title='bbox 1027 2623 1184 2680; x_wconf 88' lang='lat' dir='ltr'><strong>commuto</strong></span> 
     </span>
     <span class='ocr_line' id='line_1_26' title="bbox 260 2702 1186 2782; baseline -0.008 -15"><span class='ocrx_word' id='word_1_164' title='bbox 260 2715 291 2767; x_wconf 89' lang='lat' dir='ltr'><strong>et</strong></span> <span class='ocrx_word' id='word_1_165' title='bbox 312 2713 345 2766; x_wconf 88' lang='lat' dir='ltr'><strong>to</strong></span> <span class='ocrx_word' id='word_1_166' title='bbox 368 2705 483 2765; x_wconf 92' lang='lat' dir='ltr'><strong>abillo</strong></span> <span class='ocrx_word' id='word_1_167' title='bbox 506 2704 557 2764; x_wconf 90' lang='lat' dir='ltr'><strong>vel</strong></span> <span class='ocrx_word' id='word_1_168' title='bbox 579 2704 639 2763; x_wconf 89' lang='lat' dir='ltr'><strong>illis</strong></span> <span class='ocrx_word' id='word_1_169' title='bbox 661 2703 796 2782; x_wconf 88' lang='lat' dir='ltr'><strong>redimo,</strong></span> <span class='ocrx_word' id='word_1_170' title='bbox 823 2705 855 2764; x_wconf 91' lang='lat' dir='ltr'><strong>in</strong></span> <span class='ocrx_word' id='word_1_171' title='bbox 884 2704 1011 2764; x_wconf 91' lang='lat' dir='ltr'><strong>nomine</strong></span> <span class='ocrx_word' id='word_1_172' title='bbox 1031 2702 1131 2765; x_wconf 86' lang='lat' dir='ltr'><strong>Patris</strong></span> <span class='ocrx_word' id='word_1_173' title='bbox 1154 2707 1186 2761; x_wconf 88' lang='lat' dir='ltr'><strong>et</strong></span> 
     </span>
     <span class='ocr_line' id='line_1_27' title="bbox 258 2785 742 2868; baseline -0.008 -18"><span class='ocrx_word' id='word_1_174' title='bbox 258 2788 329 2850; x_wconf 83' lang='lat' dir='ltr'><strong>Filii</strong></span> <span class='ocrx_word' id='word_1_175' title='bbox 351 2795 384 2848; x_wconf 90' lang='lat' dir='ltr'><strong>et</strong></span> <span class='ocrx_word' id='word_1_176' title='bbox 404 2787 536 2868; x_wconf 80' lang='lat' dir='ltr'><strong>Spiritus</strong></span> <span class='ocrx_word' id='word_1_177' title='bbox 563 2785 593 2847; x_wconf 82' lang='lat' dir='ltr'><strong>S.</strong></span> <span class='ocrx_word' id='word_1_178' title='bbox 630 2785 742 2846; x_wconf 84' lang='lat' dir='ltr'><strong>Anien.</strong></span> 
     </span>
    </p>
   </div>
   <div class='ocr_carea' id='block_1_7' title="bbox 565 2921 878 2982">
    <p class='ocr_par' dir='ltr' id='par_1_7' title="bbox 565 2921 878 2982">
     <span class='ocr_line' id='line_1_28' title="bbox 565 2921 878 2982; baseline 0 0"><span class='ocrx_word' id='word_1_179' title='bbox 565 2921 639 2982; x_wconf 88' lang='lat' dir='ltr'><strong>Pro</strong></span> <span class='ocrx_word' id='word_1_180' title='bbox 660 2921 878 2982; x_wconf 85' lang='lat' dir='ltr'><strong>Defunctis.</strong></span> 
     </span>
    </p>
   </div>
   <div class='ocr_carea' id='block_1_8' title="bbox 259 3031 1311 4029">
    <p class='ocr_par' dir='ltr' id='par_1_8' title="bbox 259 3031 1311 4029">
     <span class='ocr_line' id='line_1_29' title="bbox 343 3031 1185 3110; baseline -0.001 -17"><span class='ocrx_word' id='word_1_181' title='bbox 343 3035 500 3110; x_wconf 78' lang='lat' dir='ltr'><strong>Quoniam</strong></span> <span class='ocrx_word' id='word_1_182' title='bbox 522 3034 740 3095; x_wconf 72' lang='lat' dir='ltr'><strong>sanctissimus</strong></span> <span class='ocrx_word' id='word_1_183' title='bbox 762 3034 911 3094; x_wconf 87' lang='lat' dir='ltr'><strong>Dominus</strong></span> <span class='ocrx_word' id='word_1_184' title='bbox 933 3039 1058 3110; x_wconf 88' lang='lat' dir='ltr'><strong>noster,</strong></span> <span class='ocrx_word' id='word_1_185' title='bbox 1078 3031 1185 3092; x_wconf 91' lang='lat' dir='ltr'><strong>Domi·</strong></span> 
     </span>
     <span class='ocr_line' id='line_1_30' title="bbox 259 3113 1186 3198; baseline -0.002 -18"><span class='ocrx_word' id='word_1_186' title='bbox 259 3140 318 3180; x_wconf 90' lang='lat' dir='ltr'><strong>nus</strong></span> <span class='ocrx_word' id='word_1_187' title='bbox 339 3119 441 3179; x_wconf 85' lang='lat' dir='ltr'><strong>Julius</strong></span> <span class='ocrx_word' id='word_1_188' title='bbox 457 3118 542 3198; x_wconf 87' lang='lat' dir='ltr'><strong>Papa</strong></span> <span class='ocrx_word' id='word_1_189' title='bbox 561 3117 611 3193; x_wconf 75' lang='lat'><strong>11,</strong></span> <span class='ocrx_word' id='word_1_190' title='bbox 633 3118 760 3196; x_wconf 88' lang='lat' dir='ltr'><strong>cupiens</strong></span> <span class='ocrx_word' id='word_1_191' title='bbox 783 3113 929 3177; x_wconf 87' lang='lat' dir='ltr'><strong>subsidio</strong></span> <span class='ocrx_word' id='word_1_192' title='bbox 942 3115 1078 3177; x_wconf 88' lang='lat' dir='ltr'><strong>thesauri</strong></span> <span class='ocrx_word' id='word_1_193' title='bbox 1099 3133 1186 3179; x_wconf 81' lang='lat' dir='ltr'><strong>saue·</strong></span> 
     </span>
     <span class='ocr_line' id='line_1_31' title="bbox 261 3199 1247 3278; baseline -0.005 -17"><span class='ocrx_word' id='word_1_194' title='bbox 261 3212 312 3274; x_wconf 76' lang='lat' dir='ltr'><strong>tae</strong></span> <span class='ocrx_word' id='word_1_195' title='bbox 334 3201 442 3261; x_wconf 89' lang='lat' dir='ltr'><strong>matris</strong></span> <span class='ocrx_word' id='word_1_196' title='bbox 462 3201 623 3260; x_wconf 80' lang='lat' dir='ltr'><strong>Ecclesiae</strong></span> <span class='ocrx_word' id='word_1_197' title='bbox 643 3201 764 3259; x_wconf 84' lang='lat' dir='ltr'><strong>animae</strong></span> <span class='ocrx_word' id='word_1_198' title='bbox 783 3199 998 3262; x_wconf 85' lang='lat' dir='ltr'><strong>defunctorum</strong></span> <span class='ocrx_word' id='word_1_199' title='bbox 1019 3199 1048 3259; x_wconf 92' lang='lat' dir='ltr'><strong>in</strong></span> <span class='ocrx_word' id='word_1_200' title='bbox 1072 3217 1185 3278; x_wconf 76' lang='lat' dir='ltr'><strong>purga-</strong></span> <span class='ocrx_word' id='word_1_201' title='bbox 1239 3239 1247 3244; x_wconf 88' lang='lat'>-</span> 
     </span>
     <span class='ocr_line' id='line_1_32' title="bbox 260 3280 1186 3363; baseline -0.008 -17"><span class='ocrx_word' id='word_1_202' title='bbox 260 3288 341 3352; x_wconf 88' lang='lat' dir='ltr'><strong>torio</strong></span> <span class='ocrx_word' id='word_1_203' title='bbox 366 3285 535 3344; x_wconf 81' lang='lat' dir='ltr'><strong>existentes</strong></span> <span class='ocrx_word' id='word_1_204' title='bbox 563 3303 583 3343; x_wconf 91' lang='lat' dir='ltr'><strong>a</strong></span> <span class='ocrx_word' id='word_1_205' title='bbox 609 3283 719 3363; x_wconf 87' lang='lat' dir='ltr'><strong>poenis</strong></span> <span class='ocrx_word' id='word_1_206' title='bbox 741 3282 878 3362; x_wconf 86' lang='lat' dir='ltr'><strong>liberari,</strong></span> <span class='ocrx_word' id='word_1_207' title='bbox 907 3282 1004 3344; x_wconf 86' lang='lat' dir='ltr'><strong>Nobis</strong></span> <span class='ocrx_word' id='word_1_208' title='bbox 1032 3281 1115 3340; x_wconf 82' lang='lat' dir='ltr'><strong>fiatri</strong></span> <span class='ocrx_word' id='word_1_209' title='bbox 1136 3280 1186 3340; x_wconf 83' lang='lat' dir='ltr'><strong>Ti-</strong></span> 
     </span>
     <span class='ocr_line' id='line_1_33' title="bbox 261 3361 1186 3440; baseline -0.011 -9"><span class='ocrx_word' id='word_1_210' title='bbox 261 3369 390 3431; x_wconf 87' lang='lat' dir='ltr'><strong>motheo</strong></span> <span class='ocrx_word' id='word_1_211' title='bbox 420 3366 459 3426; x_wconf 89' lang='lat' dir='ltr'><strong>de</strong></span> <span class='ocrx_word' id='word_1_212' title='bbox 483 3366 572 3426; x_wconf 82' lang='lat' dir='ltr'><strong>&#39;Luca</strong></span> <span class='ocrx_word' id='word_1_213' title='bbox 593 3364 716 3428; x_wconf 85' lang='lat' dir='ltr'><strong>Ordinis</strong></span> <span class='ocrx_word' id='word_1_214' title='bbox 737 3365 889 3426; x_wconf 86' lang='lat' dir='ltr'><strong>Mincium</strong></span> <span class='ocrx_word' id='word_1_215' title='bbox 912 3366 951 3426; x_wconf 92' lang='lat' dir='ltr'><strong>de</strong></span> <span class='ocrx_word' id='word_1_216' title='bbox 972 3361 1186 3440; x_wconf 80' lang='lat' dir='ltr'><strong>Obseruantia,</strong></span> 
     </span>
     <span class='ocr_line' id='line_1_34' title="bbox 261 3445 1311 3533; baseline -0.01 -21"><span class='ocrx_word' id='word_1_217' title='bbox 261 3448 560 3533; x_wconf 85' lang='lat' dir='ltr'><strong>apostolicaesedis</strong></span> <span class='ocrx_word' id='word_1_218' title='bbox 590 3468 683 3529; x_wconf 89' lang='lat' dir='ltr'><strong>super</strong></span> <span class='ocrx_word' id='word_1_219' title='bbox 709 3453 807 3507; x_wconf 90' lang='lat' dir='ltr'><strong>totam</strong></span> <span class='ocrx_word' id='word_1_220' title='bbox 836 3449 972 3527; x_wconf 86' lang='lat' dir='ltr'><strong>ltaliam,</strong></span> <span class='ocrx_word' id='word_1_221' title='bbox 1000 3445 1184 3524; x_wconf 28' lang='lat' dir='ltr'><strong>*Ungariam</strong></span> <span class='ocrx_word' id='word_1_222' title='bbox 1298 3505 1311 3519; x_wconf 26' lang='lat' dir='ltr'><em>fi</em></span> 
     </span>
     <span class='ocr_line' id='line_1_35' title="bbox 261 3526 1185 3611; baseline -0.012 -15"><span class='ocrx_word' id='word_1_223' title='bbox 261 3535 443 3611; x_wconf 85' lang='lat' dir='ltr'><strong>Poloniam,</strong></span> <span class='ocrx_word' id='word_1_224' title='bbox 465 3532 656 3609; x_wconf 87' lang='lat' dir='ltr'><strong>Bohemiam,</strong></span> <span class='ocrx_word' id='word_1_225' title='bbox 685 3530 840 3593; x_wconf 88' lang='lat' dir='ltr'><strong>Austriam</strong></span> <span class='ocrx_word' id='word_1_226' title='bbox 869 3539 900 3592; x_wconf 91' lang='lat' dir='ltr'><strong>et</strong></span> <span class='ocrx_word' id='word_1_227' title='bbox 921 3527 1085 3591; x_wconf 90' lang='lat' dir='ltr'><strong>nonnullas</strong></span> <span class='ocrx_word' id='word_1_228' title='bbox 1107 3526 1185 3586; x_wconf 76' lang='lat' dir='ltr'><strong>alias</strong></span> 
     </span>
     <span class='ocr_line' id='line_1_36' title="bbox 261 3609 1181 3698; baseline -0.011 -20"><span class='ocrx_word' id='word_1_229' title='bbox 261 3618 449 3698; x_wconf 82' lang='lat' dir='ltr'><strong>provincias,</strong></span> <span class='ocrx_word' id='word_1_230' title='bbox 465 3615 567 3694; x_wconf 87' lang='lat' dir='ltr'><strong>quoad</strong></span> <span class='ocrx_word' id='word_1_231' title='bbox 580 3615 794 3674; x_wconf 87' lang='lat' dir='ltr'><strong>executionem</strong></span> <span class='ocrx_word' id='word_1_232' title='bbox 817 3615 924 3674; x_wconf 87' lang='lat' dir='ltr'><strong>Bullae</strong></span> <span class='ocrx_word' id='word_1_233' title='bbox 947 3619 978 3672; x_wconf 91' lang='lat' dir='ltr'><strong>ct</strong></span> <span class='ocrx_word' id='word_1_234' title='bbox 998 3610 1126 3670; x_wconf 86' lang='lat' dir='ltr'><strong>aliarum</strong></span> <span class='ocrx_word' id='word_1_235' title='bbox 1149 3609 1181 3668; x_wconf 88' lang='lat' dir='ltr'><strong>li·</strong></span> 
     </span>
     <span class='ocr_line' id='line_1_37' title="bbox 263 3693 1188 3778; baseline -0.011 -16"><span class='ocrx_word' id='word_1_236' title='bbox 263 3707 398 3762; x_wconf 87' lang='lat' dir='ltr'><strong>terarum</strong></span> <span class='ocrx_word' id='word_1_237' title='bbox 425 3698 664 3778; x_wconf 86' lang='lat' dir='ltr'><strong>apostolicarum</strong></span> <span class='ocrx_word' id='word_1_238' title='bbox 694 3715 750 3775; x_wconf 88' lang='lat' dir='ltr'><strong>pro</strong></span> <span class='ocrx_word' id='word_1_239' title='bbox 792 3697 907 3758; x_wconf 69' lang='lat' dir='ltr'><strong>lubrica</strong></span> <span class='ocrx_word' id='word_1_240' title='bbox 938 3694 1016 3755; x_wconf 85' lang='lat' dir='ltr'><strong>infra</strong></span> <span class='ocrx_word' id='word_1_241' title='bbox 1054 3693 1188 3770; x_wconf 82' lang='lat' dir='ltr'><strong>scriptae</strong></span> 
     </span>
     <span class='ocr_line' id='line_1_38' title="bbox 265 3775 1187 3854; baseline -0.013 -10"><span class='ocrx_word' id='word_1_242' title='bbox 265 3784 419 3844; x_wconf 83' lang='lat' dir='ltr'><strong>ecclesiae</strong></span> <span class='ocrx_word' id='word_1_243' title='bbox 439 3787 650 3842; x_wconf 81' lang='lat' dir='ltr'><strong>emanaturum</strong></span> <span class='ocrx_word' id='word_1_244' title='bbox 660 3779 782 3840; x_wconf 79' lang='lat' dir='ltr'><strong>Nunnio</strong></span> <span class='ocrx_word' id='word_1_245' title='bbox 806 3786 837 3839; x_wconf 90' lang='lat' dir='ltr'><strong>et</strong></span> <span class='ocrx_word' id='word_1_246' title='bbox 858 3775 1070 3838; x_wconf 82' lang='lat' dir='ltr'><strong>commissario</strong></span> <span class='ocrx_word' id='word_1_247' title='bbox 1093 3792 1187 3854; x_wconf 82' lang='lat' dir='ltr'><strong>geno·</strong></span> 
     </span>
     <span class='ocr_line' id='line_1_39' title="bbox 264 3857 1191 3944; baseline -0.011 -17"><span class='ocrx_word' id='word_1_248' title='bbox 264 3867 337 3944; x_wconf 81' lang='lat' dir='ltr'><strong>ruli,</strong></span> <span class='ocrx_word' id='word_1_249' title='bbox 370 3865 541 3942; x_wconf 81' lang='lat' dir='ltr'><strong>consmisit,</strong></span> <span class='ocrx_word' id='word_1_250' title='bbox 578 3869 612 3922; x_wconf 93' lang='lat' dir='ltr'><strong>ut</strong></span> <span class='ocrx_word' id='word_1_251' title='bbox 648 3861 776 3941; x_wconf 87' lang='lat' dir='ltr'><strong>singulis</strong></span> <span class='ocrx_word' id='word_1_252' title='bbox 808 3861 919 3921; x_wconf 79' lang='lat' dir='ltr'><strong>Christi</strong></span> <span class='ocrx_word' id='word_1_253' title='bbox 949 3857 1090 3918; x_wconf 84' lang='lat' dir='ltr'><strong>fidelibus</strong></span> <span class='ocrx_word' id='word_1_254' title='bbox 1129 3874 1191 3935; x_wconf 87' lang='lat' dir='ltr'><strong>pro·</strong></span> 
     </span>
     <span class='ocr_line' id='line_1_40' title="bbox 266 3939 1190 4029; baseline -0.012 -20"><span class='ocrx_word' id='word_1_255' title='bbox 266 3968 372 4010; x_wconf 80' lang='lat' dir='ltr'><strong>eorum</strong></span> <span class='ocrx_word' id='word_1_256' title='bbox 394 3954 557 4029; x_wconf 82' lang='lat' dir='ltr'><strong>parentium</strong></span> <span class='ocrx_word' id='word_1_257' title='bbox 578 3945 630 4006; x_wconf 81' lang='lat' dir='ltr'><strong>vel</strong></span> <span class='ocrx_word' id='word_1_258' title='bbox 651 3939 1190 4006; x_wconf 78' lang='lat' dir='ltr'><strong>amicorumdelunctorumanima·</strong></span> 
     </span>
    </p>
   </div>
   <div class='ocr_carea' id='block_1_9' title="bbox 913 4046 976 4113">
    <p class='ocr_par' dir='ltr' id='par_1_9' title="bbox 913 4046 976 4113">
     <span class='ocr_line' id='line_1_41' title="bbox 913 4046 976 4113; baseline 0.016 -1"><span class='ocrx_word' id='word_1_259' title='bbox 913 4046 976 4113; x_wconf 80' lang='lat'><strong>17*</strong></span> 
     </span>
    </p>
   </div>
   <div class='ocr_carea' id='block_1_10' title="bbox 0 0 1545 4750">
    <p class='ocr_par' dir='ltr' id='par_1_10' title="bbox 0 0 1545 4750">
     <span class='ocr_line' id='line_1_42' title="bbox 0 0 1545 4750; baseline 0 0"><span class='ocrx_word' id='word_1_260' title='bbox 0 0 1545 4750; x_wconf 95' lang='lat' dir='ltr'><strong> </strong></span> 
     </span>
    </p>
   </div>
  </div>
 </body>
</html>
