3075 4750
620 505 646 545 a.
667 489 849 556 rata-hetta
975 529 981 538 ·
1129 481 1190 552 ibd

208 712 215 728 ‚
267 659 288 720 i.
309 659 477 722 e.·delieta
497 660 634 739 oeenlta3
654 661 735 723 idem
758 661 839 721 euim
862 657 988 722 verbum
1003 657 1033 718 in
1047 654 1188 718 Hebraeo

267 744 458 806 iuventutem
482 752 513 806 et
528 744 712 808 abseouditu
724 743 900 825 signifieat,
935 742 1052 804 scilieet
1072 739 1189 801 Almut.

346 828 418 888 lam
441 835 515 889 tune
531 829 675 908 sequitur,
698 825 856 908 quomodo
880 827 919 886 sit
940 843 1002 887 vox
1024 822 1188 902 etquidem

266 910 452 974 elementis?
494 911 663 976 Clementia
683 918 788 974 autem
815 911 881 986 hia,
910 908 1039 986 seilicet,¹
1068 906 1189 987 dirigite

266 995 346 1055 viam
370 994 512 1060 Domini.
540 997 627 1074 quasi
649 997 784 1069 dieeret,
813 995 913 1074 legem
936 993 1011 1070 Dei,
1040 995 1191 1071 quaeest

267 1078 318 1138 via
339 1077 412 1152 Dei,
435 1079 739 1158 utputetPs.118,
762 1078 874 1140 vitiose
897 1075 952 1136 diri
978 1077 1025 1135 'tis
1048 1091 1115 1152 vos,
1139 1073 1190 1153 qui

267 1161 404 1223 aureatia
426 1168 459 1221 et
478 1161 654 1242 depravatis
675 1162 777 1244 legem
799 1180 854 1241 per
876 1160 964 1222 litera
977 1177 1025 1219 em
1049 1176 1188 1218 sensum:

267 1242 437 1306 reetiiieate
460 1263 528 1306 eam
550 1264 607 1325 per
628 1243 816 1326 spiritualem
837 1241 1081 1324 intelligentiam,
1100 1239 1190 1301 uteie

268 1324 344 1387 fiant
362 1346 462 1407 prava
483 1327 601 1388 direota
623 1336 655 1390 et
675 1347 786 1409 aspera
805 1328 836 1386 in
864 1327 930 1388 viae
957 1325 1076 1405 planas.
1120 1323 1188 1384 Vie-

266 1429 332 1471 rum
353 1409 408 1470 hie
429 1429 509 1472 vooe
531 1418 562 1472 et
586 1411 723 1474 elamore
745 1429 824 1491 opus
847 1416 909 1486 est,
935 1406 1087 1490 profunde
1118 1425 1188 1468 enm

267 1491 438 1565 dormiunt,
477 1500 511 1556 ut
541 1496 725 1556 suscitentur
756 1492 796 1554 ad
829 1491 911 1554 bane
944 1488 1188 1571 intelligentiam.

268 1573 336 1650 Quo
358 1582 464 1656 autern
487 1578 602 1656 paeto?
621 1579 646 1638 si
670 1577 795 1655 dixeris,
819 1575 976 1655 quomodo
999 1591 1073 1654 ergo
1085 1571 1189 1634 aurbu-

267 1657 337 1720 labo
361 1665 396 1720 et
414 1657 564 1740 implebo,
585 1662 610 1720 si
633 1667 694 1721 tam
717 1667 803 1721 areta
820 1660 870 1720 via
892 1659 950 1720 Dei
969 1663 1000 1718 et
1019 1659 1084 1718 eius
1102 1655 1189 1732 repti-

267 1741 340 1802 tudo
365 1743 459 1803 etiam
481 1762 579 1823 usqne
599 1744 638 1808 ad
659 1744 860 1806 novissimum
875 1749 992 1802 motum
1008 1737 1188 1822 perpendat,

266 1825 447 1904 respondet,
468 1827 681 1892 eoeemedius
702 1834 837 1888 vestrum
850 1831 920 1899 stat,
943 1825 1010 1909 ipse
1022 1821 1190 1906 baptizabit

267 1925 322 1973 voa
348 1909 440 1989 igne,
468 1909 536 1989 ipse
565 1912 623 1972 erit
647 1910 789 1981 verbum,
821 1909 908 1970 euius
936 1927 995 1988 ego
1023 1927 1088 1970 sum
1116 1924 1188 1984 vox,

266 1991 331 2071 ipse
353 1990 481 2052 verbum
505 1993 624 2054 seilieet
651 1992 880 2070 abseonditum,
909 1989 993 2070 quod
1021 1992 1101 2052 intus
1131 2007 1187 2052 voe

266 2073 391 2136 doeebit
410 2081 442 2136 et
461 2075 563 2154 iaoiet,
585 2076 714 2139 verbum
735 2077 816 2136 euim
830 2075 888 2150 Dei
911 2075 1108 2154 omnipotens
1132 2077 1188 2148 est,

266 2158 372 2220 oruoia
392 2157 497 2220 iaoiet
540 2157 600 2222 est
616 2159 676 2220 heu
691 2159 826 2235 possitis,
840 2157 1052 2236 inquit,quam
1065 2155 1187 2237 superbi

266 2251 298 2300 et
317 2240 468 2321 religiosi,
490 2243 562 2321 quia
583 2243 635 2321 qui
655 2243 741 2303 missi
761 2241 894 2318 luerunt,
916 2241 1023 2320 inquit,
1045 2245 1132 2300 erant
1148 2258 1187 2300 ex
1275 2261 1278 2270 ’

265 2321 646 2390 Pharisaeis.aaeerdotes
674 2331 707 2388 et
732 2326 854 2387 levitae.
912 2322 979 2385 Hoe
1008 2331 1055 2385 est
1089 2341 1187 2405 genus

266 2406 426 2469 bominum
459 2408 560 2490 legem
600 2410 657 2471 Dei
691 2409 922 2490 depravantium
960 2408 1052 2467 etism
1091 2424 1187 2484 usque

265 2488 369 2553 hodie
413 2491 493 2554 Vide
520 2494 602 2554 enim
636 2491 794 2573 quomodo
826 2490 1022 2553 blandiuntur
1053 2488 1187 2551 iohanni

266 2579 296 2632 et
322 2573 509 2636 insidiantur
531 2576 578 2654 ei,
606 2583 640 2637 ut
667 2575 708 2640 ad
734 2594 770 2636 se
796 2574 896 2657 ipsum
926 2572 1056 2635 trahant.
1100 2569 1188 2633 Talia

265 2656 351 2716 multi
374 2656 500 2728 fatiunt,
521 2660 575 2741 qui
596 2667 629 2722 et
650 2658 743 2721 modo
767 2655 1020 2739 enputlobannis
1043 2674 1111 2720 eum
1128 2652 1187 2718 He·

265 2738 340 2801 rode
363 2746 536 2819 amputant,
558 2749 593 2802 nt
614 2740 711 2803 libera
732 2742 773 2803 sit
794 2740 938 2802 meretrix
961 2739 1064 2800 anima
1082 2744 1113 2801 et
1123 2736 1188 2802 filia

265 2822 330 2883 eius
361 2820 481 2883 laseiva
509 2823 604 2888 libido
636 2844 704 2885 eum
731 2822 876 2905 operibus
897 2830 929 2883 et
952 2821 1084 2884 motibus
1107 2823 1186 2883 eiua:
1294 2894 1297 2901 Ι

265 2906 312 2966 eui
334 2904 498 2966 lohannes
517 2908 537 2969 i.
562 2927 589 2969 e.
604 2906 772 2988 spiritualis
789 2907 839 2967 lex
854 2904 988 2982 resistit,
1009 2905 1187 2985 quidieunt,

264 3006 326 3048 non
350 2995 424 3049 sunt
444 3002 613 3072 praesepta
636 2988 718 3070 data,
740 2996 774 3049 ut
795 3008 925 3053 necesse
948 2989 987 3049 sit
1007 3008 1046 3049 ea
1056 2988 1187 3069 impleri,

263 3068 318 3131 sed
341 3076 377 3129 ut
398 3079 482 3134 mets
502 3074 634 3154 signate,
655 3071 813 3153 quomodo
826 3072 938 3153 corrigi
952 3070 1047 3133 homo
1065 3067 1186 3133 debeat.

207 3154 215 3167 ‘
263 3151 314 3213 sic
335 3160 369 3215 et
388 3153 425 3216 B.
467 3154 673 3240 Hieronymus
693 3156 884 3236 intelligitur,
907 3154 990 3234 quod
1011 3153 1187 3237 Religiosus

264 3255 325 3298 non
351 3242 472 3304 tenetur
492 3238 533 3300 ad
555 3258 625 3301 esse
651 3241 682 3299 in
710 3245 791 3300 statu
820 3238 1033 3318 perfeetionis,
1066 3237 1121 3299 sed
1147 3232 1187 3298 ad

264 3318 393 3381 tendere
420 3321 450 3381 in
479 3321 620 3385 eandem.
673 3322 776 3401 Atque
804 3329 838 3383 ut
857 3320 1015 3386 materiam
1038 3326 1121 3383 reete
1142 3320 1186 3380 in-

262 3401 434 3482 telligeret,
463 3424 568 3465 verum
596 3402 720 3485 quidem
754 3407 819 3479 e'st,
849 3403 932 3485 quod
962 3423 1024 3465 non
1048 3402 1086 3463 ad
1108 3421 1186 3478 esse,

263 3484 316 3545 sed
339 3484 380 3545 ad
403 3484 468 3549 lieri
489 3488 657 3568 perfeetum
681 3495 835 3565 tenemur,
864 3486 920 3557 sub
944 3485 1187 3567 poenapeccati

264 3567 420 3647 mortalia,
441 3570 539 3631 atilli
562 3590 669 3633 seeure
691 3571 895 3633 intermittunt
916 3575 1078 3645 donatum,
1106 3568 1186 3651 ,sutis

265 3649 414 3729 arbitrati,
438 3653 464 3712 si
482 3654 652 3716 novissimo
670 3654 753 3715 vitae
765 3658 925 3716 momento
942 3651 1057 3713 inventi
1074 3648 1187 3711 fuerint

264 3733 294 3793 in
323 3732 484 3796 tendentis
513 3736 553 3812 nd
580 3736 758 3819 perfeetum.
809 3734 878 3797 Hoe
900 3736 1005 3815 utique
1027 3738 1074 3794 est
1095 3737 1188 3813 eaput

265 3812 415 3877 lobannis
432 3818 552 3883 auferre
564 3827 596 3884 et
607 3819 748 3881 occidere
760 3819 794 3880 in
808 3818 930 3881 oeeulto
944 3824 975 3878 et
986 3834 1109 3877 oaroere
1123 3816 1143 3877 i.
1158 3835 1184 3879 e.

265 3896 381 3960 intente
396 3900 476 3962 falso
490 3902 657 3966 intellectu.
685 3903 725 3965 Hi
737 3908 809 3963 sunt
820 3903 923 3979 itaque
935 3898 1101 3978 Pharisaei,
1111 3898 1186 3961 'iusti

266 3987 296 4041 et
315 3982 505 4065 saeerdotes,
527 3988 578 4067 qui
599 3993 633 4049 et
652 3986 954 4066 nliospraesumnnt
974 3981 1151 4064 iustificare.
