<?xml version="1.0" encoding="UTF-8"?>
<!DOCTYPE html PUBLIC "-//W3C//DTD XHTML 1.0 Transitional//EN"
    "http://www.w3.org/TR/xhtml1/DTD/xhtml1-transitional.dtd">
<html xmlns="http://www.w3.org/1999/xhtml" xml:lang="en" lang="en">
 <head>
  <title>
</title>
<meta http-equiv="Content-Type" content="text/html;charset=utf-8" />
  <meta name='ocr-system' content='tesseract 3.04.00' />
  <meta name='ocr-capabilities' content='ocr_page ocr_carea ocr_par ocr_line ocrx_word'/>
</head>
<body>
  <div class='ocr_page' id='page_1' title='image "./operalatinavari01schmgoog_0275.png"; bbox 0 0 3075 4750; ppageno 0'>
   <div class='ocr_carea' id='block_1_1' title="bbox 619 470 1324 549">
    <p class='ocr_par' dir='ltr' id='par_1_1' title="bbox 619 470 1324 549">
     <span class='ocr_line' id='line_1_1' title="bbox 619 470 1324 549; baseline 0.017 -18"><span class='ocrx_word' id='word_1_1' title='bbox 619 478 655 534; x_wconf 84' lang='lat' dir='ltr'><strong>de</strong></span> <span class='ocrx_word' id='word_1_2' title='bbox 670 479 860 549; x_wconf 68' lang='lat' dir='ltr'><strong>indulgentiis.</strong></span> <span class='ocrx_word' id='word_1_3' title='bbox 1132 470 1196 541; x_wconf 64' lang='lat' dir='ltr'><em>W</em></span> <span class='ocrx_word' id='word_1_4' title='bbox 1318 489 1324 498; x_wconf 85' lang='lat'>&#39;</span> 
     </span>
    </p>
   </div>
   <div class='ocr_carea' id='block_1_2' title="bbox 271 644 1197 2714">
    <p class='ocr_par' dir='ltr' id='par_1_2' title="bbox 271 644 1197 2714">
     <span class='ocr_line' id='line_1_2' title="bbox 272 644 1195 730; baseline -0.003 -21"><span class='ocrx_word' id='word_1_5' title='bbox 272 668 324 709; x_wconf 88' lang='lat' dir='ltr'><strong>sus</strong></span> <span class='ocrx_word' id='word_1_6' title='bbox 357 648 539 730; x_wconf 78' lang='lat' dir='ltr'>religionis,</span> <span class='ocrx_word' id='word_1_7' title='bbox 573 655 605 709; x_wconf 88' lang='lat' dir='ltr'><strong>et</strong></span> <span class='ocrx_word' id='word_1_8' title='bbox 634 650 802 725; x_wconf 77' lang='lat' dir='ltr'><strong>eastitatis,</strong></span> <span class='ocrx_word' id='word_1_9' title='bbox 837 647 1021 709; x_wconf 70' lang='lat' dir='ltr'><strong>visitationis</strong></span> <span class='ocrx_word' id='word_1_10' title='bbox 1056 644 1195 707; x_wconf 77' lang='lat' dir='ltr'><strong>liminum</strong></span> 
     </span>
     <span class='ocr_line' id='line_1_3' title="bbox 273 728 1196 811; baseline -0.004 -18"><span class='ocrx_word' id='word_1_11' title='bbox 273 732 527 811; x_wconf 78' lang='lat' dir='ltr'><strong>apostolicorum,</strong></span> <span class='ocrx_word' id='word_1_12' title='bbox 548 739 581 792; x_wconf 90' lang='lat' dir='ltr'><strong>et</strong></span> <span class='ocrx_word' id='word_1_13' title='bbox 594 732 700 792; x_wconf 82' lang='lat' dir='ltr'><strong>Sanoti</strong></span> <span class='ocrx_word' id='word_1_14' title='bbox 715 732 825 793; x_wconf 81' lang='lat' dir='ltr'><strong>Jaeobi</strong></span> <span class='ocrx_word' id='word_1_15' title='bbox 841 731 881 791; x_wconf 90' lang='lat' dir='ltr'><strong>ad</strong></span> <span class='ocrx_word' id='word_1_16' title='bbox 893 728 1106 810; x_wconf 76' lang='lat' dir='ltr'><strong>Compostella</strong></span> <span class='ocrx_word' id='word_1_17' title='bbox 1122 734 1196 789; x_wconf 78' lang='lat' dir='ltr'><strong>vota</strong></span> 
     </span>
     <span class='ocr_line' id='line_1_4' title="bbox 272 812 1197 895; baseline -0.005 -19"><span class='ocrx_word' id='word_1_18' title='bbox 272 814 426 876; x_wconf 77' lang='lat' dir='ltr'><strong>duntaxat</strong></span> <span class='ocrx_word' id='word_1_19' title='bbox 447 816 615 895; x_wconf 71' lang='lat' dir='ltr'><strong>exeeptis),</strong></span> <span class='ocrx_word' id='word_1_20' title='bbox 635 816 667 875; x_wconf 92' lang='lat' dir='ltr'><strong>in</strong></span> <span class='ocrx_word' id='word_1_21' title='bbox 688 815 751 875; x_wconf 90' lang='lat' dir='ltr'><strong>alia</strong></span> <span class='ocrx_word' id='word_1_22' title='bbox 771 816 893 894; x_wconf 85' lang='lat' dir='ltr'><strong>pietatis</strong></span> <span class='ocrx_word' id='word_1_23' title='bbox 916 832 1011 893; x_wconf 86' lang='lat' dir='ltr'><strong>opera</strong></span> <span class='ocrx_word' id='word_1_24' title='bbox 1030 812 1197 873; x_wconf 81' lang='lat' dir='ltr'><strong>autoritate</strong></span> 
     </span>
     <span class='ocr_line' id='line_1_5' title="bbox 271 893 1195 977; baseline -0.002 -20"><span class='ocrx_word' id='word_1_25' title='bbox 271 898 450 977; x_wconf 83' lang='lat' dir='ltr'><strong>apostoliea</strong></span> <span class='ocrx_word' id='word_1_26' title='bbox 479 899 579 977; x_wconf 87' lang='lat' dir='ltr'><strong>possit</strong></span> <span class='ocrx_word' id='word_1_27' title='bbox 604 904 636 958; x_wconf 90' lang='lat' dir='ltr'><strong>et</strong></span> <span class='ocrx_word' id='word_1_28' title='bbox 661 898 775 958; x_wconf 80' lang='lat' dir='ltr'><strong>valeat</strong></span> <span class='ocrx_word' id='word_1_29' title='bbox 822 896 951 957; x_wconf 79' lang='lat' dir='ltr'><strong>Indulsit</strong></span> <span class='ocrx_word' id='word_1_30' title='bbox 972 914 1096 974; x_wconf 87' lang='lat' dir='ltr'><strong>quoque</strong></span> <span class='ocrx_word' id='word_1_31' title='bbox 1113 893 1195 955; x_wconf 80' lang='lat' dir='ltr'><strong>idem</strong></span> 
     </span>
     <span class='ocr_line' id='line_1_6' title="bbox 272 978 1197 1059; baseline 0 -20"><span class='ocrx_word' id='word_1_32' title='bbox 272 981 486 1041; x_wconf 79' lang='lat' dir='ltr'><strong>assuetissimus</strong></span> <span class='ocrx_word' id='word_1_33' title='bbox 508 981 658 1040; x_wconf 84' lang='lat' dir='ltr'><strong>Dominus</strong></span> <span class='ocrx_word' id='word_1_34' title='bbox 679 988 786 1041; x_wconf 85' lang='lat' dir='ltr'><strong>noster</strong></span> <span class='ocrx_word' id='word_1_35' title='bbox 801 980 956 1059; x_wconf 86' lang='lat' dir='ltr'><strong>praefatos</strong></span> <span class='ocrx_word' id='word_1_36' title='bbox 974 978 1197 1057; x_wconf 68' lang='lat' dir='ltr'><strong>benefactores,</strong></span> 
     </span>
     <span class='ocr_line' id='line_1_7' title="bbox 272 1060 1195 1142; baseline -0.003 -19"><span class='ocrx_word' id='word_1_37' title='bbox 272 1081 443 1141; x_wconf 87' lang='lat' dir='ltr'><strong>eorumque</strong></span> <span class='ocrx_word' id='word_1_38' title='bbox 462 1070 606 1142; x_wconf 84' lang='lat' dir='ltr'><strong>parentes</strong></span> <span class='ocrx_word' id='word_1_39' title='bbox 628 1063 806 1140; x_wconf 73' lang='lat' dir='ltr'><strong>infaustos,</strong></span> <span class='ocrx_word' id='word_1_40' title='bbox 829 1064 879 1141; x_wconf 91' lang='lat' dir='ltr'><strong>qui</strong></span> <span class='ocrx_word' id='word_1_41' title='bbox 902 1082 971 1123; x_wconf 88' lang='lat' dir='ltr'><strong>oum</strong></span> <span class='ocrx_word' id='word_1_42' title='bbox 988 1063 1116 1121; x_wconf 75' lang='lat' dir='ltr'><strong>oarimte</strong></span> <span class='ocrx_word' id='word_1_43' title='bbox 1136 1060 1195 1121; x_wconf 87' lang='lat' dir='ltr'><strong>dis·</strong></span> 
     </span>
     <span class='ocr_line' id='line_1_8' title="bbox 272 1144 1196 1227; baseline 0.001 -23"><span class='ocrx_word' id='word_1_44' title='bbox 272 1151 451 1223; x_wconf 75' lang='lat' dir='ltr'><strong>cesserunt,</strong></span> <span class='ocrx_word' id='word_1_45' title='bbox 479 1146 510 1204; x_wconf 92' lang='lat' dir='ltr'><strong>in</strong></span> <span class='ocrx_word' id='word_1_46' title='bbox 533 1145 689 1224; x_wconf 85' lang='lat' dir='ltr'><strong>preoibus,</strong></span> <span class='ocrx_word' id='word_1_47' title='bbox 718 1146 886 1227; x_wconf 79' lang='lat' dir='ltr'><strong>suffragiis,</strong></span> <span class='ocrx_word' id='word_1_48' title='bbox 910 1145 1132 1224; x_wconf 86' lang='lat' dir='ltr'><strong>eleemosynis,</strong></span> <span class='ocrx_word' id='word_1_49' title='bbox 1155 1144 1196 1205; x_wconf 84' lang='lat' dir='ltr'><strong>ia·</strong></span> 
     </span>
     <span class='ocr_line' id='line_1_9' title="bbox 271 1225 1195 1307; baseline -0.002 -18"><span class='ocrx_word' id='word_1_50' title='bbox 271 1229 373 1306; x_wconf 77' lang='lat' dir='ltr'><strong>inuiis,</strong></span> <span class='ocrx_word' id='word_1_51' title='bbox 397 1228 599 1305; x_wconf 77' lang='lat' dir='ltr'><strong>orationibus,</strong></span> <span class='ocrx_word' id='word_1_52' title='bbox 621 1229 738 1307; x_wconf 82' lang='lat' dir='ltr'><strong>missis,</strong></span> <span class='ocrx_word' id='word_1_53' title='bbox 759 1227 842 1289; x_wconf 87' lang='lat' dir='ltr'><strong>boris</strong></span> <span class='ocrx_word' id='word_1_54' title='bbox 870 1229 1038 1305; x_wconf 74' lang='lat' dir='ltr'><strong>eanoniois,</strong></span> <span class='ocrx_word' id='word_1_55' title='bbox 1061 1225 1195 1307; x_wconf 78' lang='lat' dir='ltr'><strong>discipli·</strong></span> 
     </span>
     <span class='ocr_line' id='line_1_10' title="bbox 272 1310 1195 1391; baseline -0.002 -20"><span class='ocrx_word' id='word_1_56' title='bbox 272 1312 337 1389; x_wconf 78' lang='lat' dir='ltr'><strong>nis,</strong></span> <span class='ocrx_word' id='word_1_57' title='bbox 376 1312 688 1391; x_wconf 72' lang='lat' dir='ltr'><strong>peregrinationibus,</strong></span> <span class='ocrx_word' id='word_1_58' title='bbox 726 1311 987 1390; x_wconf 76' lang='lat' dir='ltr'><strong>stationibusque,</strong></span> <span class='ocrx_word' id='word_1_59' title='bbox 1023 1322 1055 1370; x_wconf 88' lang='lat' dir='ltr'><strong>et</strong></span> <span class='ocrx_word' id='word_1_60' title='bbox 1086 1310 1195 1371; x_wconf 84' lang='lat' dir='ltr'><strong>esteris</strong></span> 
     </span>
     <span class='ocr_line' id='line_1_11' title="bbox 273 1392 1195 1475; baseline -0.001 -21"><span class='ocrx_word' id='word_1_61' title='bbox 273 1393 646 1475; x_wconf 36' lang='lat' dir='ltr'><strong>omnibus-spiritualibus</strong></span> <span class='ocrx_word' id='word_1_62' title='bbox 667 1393 773 1464; x_wconf 78' lang='lat' dir='ltr'><strong>bonis,</strong></span> <span class='ocrx_word' id='word_1_63' title='bbox 803 1412 882 1471; x_wconf 85' lang='lat' dir='ltr'><strong>quae</strong></span> <span class='ocrx_word' id='word_1_64' title='bbox 904 1393 980 1453; x_wconf 88' lang='lat' dir='ltr'><strong>finnt</strong></span> <span class='ocrx_word' id='word_1_65' title='bbox 1002 1401 1033 1453; x_wconf 89' lang='lat' dir='ltr'><strong>et</strong></span> <span class='ocrx_word' id='word_1_66' title='bbox 1056 1392 1121 1453; x_wconf 83' lang='lat' dir='ltr'><strong>fieri</strong></span> <span class='ocrx_word' id='word_1_67' title='bbox 1141 1412 1195 1472; x_wconf 85' lang='lat' dir='ltr'><strong>po-</strong></span> 
     </span>
     <span class='ocr_line' id='line_1_12' title="bbox 274 1477 1195 1549; baseline 0 -12"><span class='ocrx_word' id='word_1_68' title='bbox 274 1483 393 1549; x_wconf 80' lang='lat' dir='ltr'><strong>terunt,</strong></span> <span class='ocrx_word' id='word_1_69' title='bbox 431 1478 462 1536; x_wconf 92' lang='lat' dir='ltr'><strong>in</strong></span> <span class='ocrx_word' id='word_1_70' title='bbox 498 1483 563 1537; x_wconf 89' lang='lat' dir='ltr'><strong>tota</strong></span> <span class='ocrx_word' id='word_1_71' title='bbox 592 1484 791 1537; x_wconf 85' lang='lat' dir='ltr'><strong>saerosanota</strong></span> <span class='ocrx_word' id='word_1_72' title='bbox 817 1478 950 1538; x_wconf 78' lang='lat' dir='ltr'><strong>ecelesia</strong></span> <span class='ocrx_word' id='word_1_73' title='bbox 987 1483 1019 1537; x_wconf 87' lang='lat' dir='ltr'><strong>et</strong></span> <span class='ocrx_word' id='word_1_74' title='bbox 1053 1477 1195 1537; x_wconf 86' lang='lat' dir='ltr'><strong>omnibus</strong></span> 
     </span>
     <span class='ocr_line' id='line_1_13' title="bbox 274 1557 1133 1639; baseline 0 -20"><span class='ocrx_word' id='word_1_75' title='bbox 274 1558 421 1619; x_wconf 89' lang='lat' dir='ltr'><strong>membris</strong></span> <span class='ocrx_word' id='word_1_76' title='bbox 443 1558 590 1637; x_wconf 81' lang='lat' dir='ltr'><strong>eiusdem,</strong></span> <span class='ocrx_word' id='word_1_77' title='bbox 612 1560 643 1619; x_wconf 89' lang='lat' dir='ltr'><strong>iu</strong></span> <span class='ocrx_word' id='word_1_78' title='bbox 665 1567 847 1639; x_wconf 90' lang='lat' dir='ltr'><strong>perpetuum</strong></span> <span class='ocrx_word' id='word_1_79' title='bbox 870 1560 1036 1639; x_wconf 84' lang='lat' dir='ltr'><strong>partioipes</strong></span> <span class='ocrx_word' id='word_1_80' title='bbox 1056 1557 1133 1619; x_wconf 84' lang='lat' dir='ltr'><strong>iteri.</strong></span> 
     </span>
     <span class='ocr_line' id='line_1_14' title="bbox 354 1640 1196 1721; baseline 0 -20"><span class='ocrx_word' id='word_1_81' title='bbox 354 1641 396 1701; x_wconf 81' lang='lat' dir='ltr'><strong>Et</strong></span> <span class='ocrx_word' id='word_1_82' title='bbox 416 1643 489 1721; x_wconf 86' lang='lat' dir='ltr'><strong>quia</strong></span> <span class='ocrx_word' id='word_1_83' title='bbox 507 1642 611 1703; x_wconf 80' lang='lat' dir='ltr'><strong>devoti</strong></span> <span class='ocrx_word' id='word_1_84' title='bbox 627 1643 748 1703; x_wconf 76' lang='lat' dir='ltr'><strong>Meekel</strong></span> <span class='ocrx_word' id='word_1_85' title='bbox 771 1643 879 1703; x_wconf 87' lang='lat' dir='ltr'><strong>reliota</strong></span> <span class='ocrx_word' id='word_1_86' title='bbox 899 1642 1006 1719; x_wconf 79' lang='lat' dir='ltr'><strong>Rodia,</strong></span> <span class='ocrx_word' id='word_1_87' title='bbox 1022 1640 1142 1702; x_wconf 82' lang='lat' dir='ltr'><strong>Peders</strong></span> <span class='ocrx_word' id='word_1_88' title='bbox 1164 1649 1196 1702; x_wconf 88' lang='lat' dir='ltr'><strong>st</strong></span> 
     </span>
     <span class='ocr_line' id='line_1_15' title="bbox 271 1724 1194 1804; baseline 0.001 -20"><span class='ocrx_word' id='word_1_89' title='bbox 271 1724 373 1785; x_wconf 85' lang='lat' dir='ltr'><strong>Adam</strong></span> <span class='ocrx_word' id='word_1_90' title='bbox 389 1724 481 1802; x_wconf 84' lang='lat' dir='ltr'><strong>Rodt,</strong></span> <span class='ocrx_word' id='word_1_91' title='bbox 496 1724 534 1784; x_wconf 93' lang='lat' dir='ltr'><strong>ad</strong></span> <span class='ocrx_word' id='word_1_92' title='bbox 547 1726 644 1804; x_wconf 89' lang='lat' dir='ltr'><strong>ipsam</strong></span> <span class='ocrx_word' id='word_1_93' title='bbox 656 1725 804 1787; x_wconf 80' lang='lat' dir='ltr'><strong>fabricam</strong></span> <span class='ocrx_word' id='word_1_94' title='bbox 816 1733 848 1785; x_wconf 89' lang='lat' dir='ltr'><strong>et</strong></span> <span class='ocrx_word' id='word_1_95' title='bbox 863 1726 1069 1785; x_wconf 83' lang='lat' dir='ltr'><strong>neeessariam</strong></span> <span class='ocrx_word' id='word_1_96' title='bbox 1080 1726 1194 1785; x_wconf 90' lang='lat' dir='ltr'><strong>instau-</strong></span> 
     </span>
     <span class='ocr_line' id='line_1_16' title="bbox 272 1807 1193 1888; baseline 0 -21"><span class='ocrx_word' id='word_1_97' title='bbox 272 1809 424 1869; x_wconf 84' lang='lat' dir='ltr'><strong>rationem</strong></span> <span class='ocrx_word' id='word_1_98' title='bbox 449 1807 643 1887; x_wconf 87' lang='lat' dir='ltr'><strong>supradiotae</strong></span> <span class='ocrx_word' id='word_1_99' title='bbox 656 1808 809 1869; x_wconf 75' lang='lat' dir='ltr'><strong>Basilicas</strong></span> <span class='ocrx_word' id='word_1_100' title='bbox 821 1809 970 1888; x_wconf 89' lang='lat' dir='ltr'><strong>Prinoipis</strong></span> <span class='ocrx_word' id='word_1_101' title='bbox 981 1808 1193 1888; x_wconf 88' lang='lat' dir='ltr'><strong>apostolorum</strong></span> 
     </span>
     <span class='ocr_line' id='line_1_17' title="bbox 273 1891 1195 1971; baseline 0.004 -22"><span class='ocrx_word' id='word_1_102' title='bbox 273 1891 359 1951; x_wconf 78' lang='lat' dir='ltr'><strong>iusta</strong></span> <span class='ocrx_word' id='word_1_103' title='bbox 382 1892 567 1951; x_wconf 77' lang='lat' dir='ltr'><strong>sanctissimi</strong></span> <span class='ocrx_word' id='word_1_104' title='bbox 590 1891 714 1951; x_wconf 86' lang='lat' dir='ltr'><strong>Domini</strong></span> <span class='ocrx_word' id='word_1_105' title='bbox 735 1893 833 1951; x_wconf 82' lang='lat' dir='ltr'><strong>nostri</strong></span> <span class='ocrx_word' id='word_1_106' title='bbox 855 1892 958 1971; x_wconf 87' lang='lat' dir='ltr'><strong>Papae</strong></span> <span class='ocrx_word' id='word_1_107' title='bbox 981 1892 1195 1969; x_wconf 85' lang='lat' dir='ltr'><strong>intentionem,</strong></span> 
     </span>
     <span class='ocr_line' id='line_1_18' title="bbox 274 1972 1194 2051; baseline 0 -18"><span class='ocrx_word' id='word_1_108' title='bbox 274 1980 304 2033; x_wconf 92' lang='lat' dir='ltr'><strong>et</strong></span> <span class='ocrx_word' id='word_1_109' title='bbox 324 1982 465 2033; x_wconf 88' lang='lat' dir='ltr'><strong>nostram</strong></span> <span class='ocrx_word' id='word_1_110' title='bbox 481 1972 719 2051; x_wconf 78' lang='lat' dir='ltr'><strong>ordinationem,</strong></span> <span class='ocrx_word' id='word_1_111' title='bbox 740 1974 780 2033; x_wconf 85' lang='lat' dir='ltr'><strong>de</strong></span> <span class='ocrx_word' id='word_1_112' title='bbox 795 1975 884 2035; x_wconf 90' lang='lat' dir='ltr'><strong>bonis</strong></span> <span class='ocrx_word' id='word_1_113' title='bbox 896 1976 958 2033; x_wconf 91' lang='lat' dir='ltr'><strong>suis</strong></span> <span class='ocrx_word' id='word_1_114' title='bbox 971 1973 1194 2034; x_wconf 85' lang='lat' dir='ltr'><strong>oontribuendo</strong></span> 
     </span>
     <span class='ocr_line' id='line_1_19' title="bbox 273 2056 1195 2137; baseline 0.003 -24"><span class='ocrx_word' id='word_1_115' title='bbox 273 2066 424 2135; x_wconf 72' lang='lat' dir='ltr'><strong>segnatos</strong></span> <span class='ocrx_word' id='word_1_116' title='bbox 438 2056 643 2117; x_wconf 81' lang='lat' dir='ltr'><strong>exhibuerunt</strong></span> <span class='ocrx_word' id='word_1_117' title='bbox 654 2064 686 2116; x_wconf 91' lang='lat' dir='ltr'><strong>et</strong></span> <span class='ocrx_word' id='word_1_118' title='bbox 702 2056 854 2135; x_wconf 85' lang='lat' dir='ltr'><strong>liberales,</strong></span> <span class='ocrx_word' id='word_1_119' title='bbox 868 2058 898 2116; x_wconf 90' lang='lat' dir='ltr'><strong>in</strong></span> <span class='ocrx_word' id='word_1_120' title='bbox 912 2058 998 2119; x_wconf 86' lang='lat' dir='ltr'><strong>ouius</strong></span> <span class='ocrx_word' id='word_1_121' title='bbox 1015 2058 1059 2117; x_wconf 92' lang='lat' dir='ltr'><strong>rei</strong></span> <span class='ocrx_word' id='word_1_122' title='bbox 1073 2056 1195 2137; x_wconf 81' lang='lat' dir='ltr'><strong>signum</strong></span> 
     </span>
     <span class='ocr_line' id='line_1_20' title="bbox 272 2139 1195 2219; baseline 0.001 -21"><span class='ocrx_word' id='word_1_123' title='bbox 272 2146 455 2217; x_wconf 78' lang='lat' dir='ltr'><strong>praesentes</strong></span> <span class='ocrx_word' id='word_1_124' title='bbox 476 2139 581 2199; x_wconf 87' lang='lat' dir='ltr'><strong>literas</strong></span> <span class='ocrx_word' id='word_1_125' title='bbox 602 2158 622 2198; x_wconf 90' lang='lat' dir='ltr'><strong>a</strong></span> <span class='ocrx_word' id='word_1_126' title='bbox 643 2139 734 2200; x_wconf 88' lang='lat' dir='ltr'><strong>nobis</strong></span> <span class='ocrx_word' id='word_1_127' title='bbox 754 2146 957 2219; x_wconf 77' lang='lat' dir='ltr'><strong>aeceperunt:</strong></span> <span class='ocrx_word' id='word_1_128' title='bbox 981 2140 1054 2199; x_wconf 87' lang='lat' dir='ltr'><strong>ideo</strong></span> <span class='ocrx_word' id='word_1_129' title='bbox 1085 2139 1195 2199; x_wconf 88' lang='lat' dir='ltr'><strong>eadem</strong></span> 
     </span>
     <span class='ocr_line' id='line_1_21' title="bbox 273 2222 1196 2301; baseline -0.002 -18"><span class='ocrx_word' id='word_1_130' title='bbox 273 2223 459 2283; x_wconf 78' lang='lat' dir='ltr'><strong>auctoritate</strong></span> <span class='ocrx_word' id='word_1_131' title='bbox 479 2223 663 2300; x_wconf 60' lang='lat' dir='ltr'><strong>apostoliea</strong></span> <span class='ocrx_word' id='word_1_132' title='bbox 684 2222 774 2283; x_wconf 86' lang='lat' dir='ltr'><strong>nobis</strong></span> <span class='ocrx_word' id='word_1_133' title='bbox 797 2224 973 2301; x_wconf 78' lang='lat' dir='ltr'><strong>sommissa,</strong></span> <span class='ocrx_word' id='word_1_134' title='bbox 996 2228 1026 2281; x_wconf 87' lang='lat' dir='ltr'><strong>et</strong></span> <span class='ocrx_word' id='word_1_135' title='bbox 1048 2241 1109 2300; x_wconf 84' lang='lat' dir='ltr'><strong>qua</strong></span> <span class='ocrx_word' id='word_1_136' title='bbox 1131 2223 1196 2281; x_wconf 85' lang='lat' dir='ltr'><strong>iun·</strong></span> 
     </span>
     <span class='ocr_line' id='line_1_22' title="bbox 273 2304 1194 2386; baseline 0.002 -23"><span class='ocrx_word' id='word_1_137' title='bbox 273 2305 375 2384; x_wconf 84' lang='lat' dir='ltr'><strong>gimur</strong></span> <span class='ocrx_word' id='word_1_138' title='bbox 395 2306 427 2365; x_wconf 89' lang='lat' dir='ltr'><strong>in</strong></span> <span class='ocrx_word' id='word_1_139' title='bbox 449 2304 508 2364; x_wconf 84' lang='lat' dir='ltr'><strong>boo</strong></span> <span class='ocrx_word' id='word_1_140' title='bbox 530 2312 628 2384; x_wconf 78' lang='lat' dir='ltr'><strong>parte,</strong></span> <span class='ocrx_word' id='word_1_141' title='bbox 649 2306 786 2385; x_wconf 83' lang='lat' dir='ltr'><strong>ipsisque</strong></span> <span class='ocrx_word' id='word_1_142' title='bbox 808 2306 896 2365; x_wconf 87' lang='lat' dir='ltr'><strong>dietis</strong></span> <span class='ocrx_word' id='word_1_143' title='bbox 917 2306 1022 2386; x_wconf 87' lang='lat' dir='ltr'><strong>gratiis</strong></span> <span class='ocrx_word' id='word_1_144' title='bbox 1045 2311 1077 2365; x_wconf 86' lang='lat' dir='ltr'><strong>et</strong></span> <span class='ocrx_word' id='word_1_145' title='bbox 1097 2304 1194 2365; x_wconf 85' lang='lat' dir='ltr'><strong>indul·</strong></span> 
     </span>
     <span class='ocr_line' id='line_1_23' title="bbox 271 2388 1195 2468; baseline 0.002 -22"><span class='ocrx_word' id='word_1_146' title='bbox 271 2388 386 2468; x_wconf 81' lang='lat' dir='ltr'><strong>gentiis</strong></span> <span class='ocrx_word' id='word_1_147' title='bbox 408 2390 466 2466; x_wconf 85' lang='lat' dir='ltr'><strong>uti,</strong></span> <span class='ocrx_word' id='word_1_148' title='bbox 494 2396 526 2447; x_wconf 92' lang='lat' dir='ltr'><strong>et</strong></span> <span class='ocrx_word' id='word_1_149' title='bbox 553 2388 671 2448; x_wconf 85' lang='lat' dir='ltr'><strong>eisdem</strong></span> <span class='ocrx_word' id='word_1_150' title='bbox 699 2389 836 2468; x_wconf 63' lang='lat' dir='ltr'><strong>gandam</strong></span> <span class='ocrx_word' id='word_1_151' title='bbox 863 2389 984 2468; x_wconf 89' lang='lat' dir='ltr'><strong>possint</strong></span> <span class='ocrx_word' id='word_1_152' title='bbox 1003 2397 1035 2448; x_wconf 87' lang='lat' dir='ltr'><strong>et</strong></span> <span class='ocrx_word' id='word_1_153' title='bbox 1062 2388 1195 2468; x_wconf 75' lang='lat' dir='ltr'><strong>valeam,</strong></span> 
     </span>
     <span class='ocr_line' id='line_1_24' title="bbox 272 2471 1196 2551; baseline 0 -21"><span class='ocrx_word' id='word_1_154' title='bbox 272 2489 327 2548; x_wconf 88' lang='lat' dir='ltr'><strong>per</strong></span> <span class='ocrx_word' id='word_1_155' title='bbox 350 2477 531 2549; x_wconf 87' lang='lat' dir='ltr'><strong>praesentes</strong></span> <span class='ocrx_word' id='word_1_156' title='bbox 552 2471 753 2531; x_wconf 74' lang='lat' dir='ltr'><strong>concedimus</strong></span> <span class='ocrx_word' id='word_1_157' title='bbox 780 2480 812 2532; x_wconf 87' lang='lat' dir='ltr'><strong>et</strong></span> <span class='ocrx_word' id='word_1_158' title='bbox 834 2472 987 2551; x_wconf 84' lang='lat' dir='ltr'><strong>largimur.</strong></span> <span class='ocrx_word' id='word_1_159' title='bbox 1029 2471 1142 2531; x_wconf 86' lang='lat' dir='ltr'><strong>Datum</strong></span> <span class='ocrx_word' id='word_1_160' title='bbox 1164 2472 1196 2530; x_wconf 90' lang='lat' dir='ltr'><strong>in</strong></span> 
     </span>
     <span class='ocr_line' id='line_1_25' title="bbox 273 2551 1197 2633; baseline 0 -19"><span class='ocrx_word' id='word_1_161' title='bbox 273 2551 445 2632; x_wconf 78' lang='lat' dir='ltr'><strong>Gottingen</strong></span> <span class='ocrx_word' id='word_1_162' title='bbox 471 2552 527 2614; x_wconf 88' lang='lat' dir='ltr'><strong>sub</strong></span> <span class='ocrx_word' id='word_1_163' title='bbox 549 2554 650 2633; x_wconf 81' lang='lat' dir='ltr'><strong>sigillo</strong></span> <span class='ocrx_word' id='word_1_164' title='bbox 671 2573 728 2632; x_wconf 91' lang='lat' dir='ltr'><strong>per</strong></span> <span class='ocrx_word' id='word_1_165' title='bbox 748 2573 807 2614; x_wconf 89' lang='lat' dir='ltr'><strong>nos</strong></span> <span class='ocrx_word' id='word_1_166' title='bbox 828 2554 868 2614; x_wconf 82' lang='lat' dir='ltr'><strong>sd</strong></span> <span class='ocrx_word' id='word_1_167' title='bbox 882 2553 960 2614; x_wconf 84' lang='lat' dir='ltr'><strong>baso</strong></span> <span class='ocrx_word' id='word_1_168' title='bbox 972 2555 1124 2629; x_wconf 74' lang='lat' dir='ltr'><strong>ordinato,</strong></span> <span class='ocrx_word' id='word_1_169' title='bbox 1146 2553 1197 2614; x_wconf 79' lang='lat' dir='ltr'><strong>tiis</strong></span> 
     </span>
     <span class='ocr_line' id='line_1_26' title="bbox 271 2636 1142 2714; baseline 0.001 -19"><span class='ocrx_word' id='word_1_170' title='bbox 271 2636 373 2714; x_wconf 87' lang='lat' dir='ltr'><strong>prima</strong></span> <span class='ocrx_word' id='word_1_171' title='bbox 395 2637 509 2695; x_wconf 86' lang='lat' dir='ltr'><strong>mensis</strong></span> <span class='ocrx_word' id='word_1_172' title='bbox 530 2636 612 2714; x_wconf 74' lang='lat' dir='ltr'><strong>iulii,</strong></span> <span class='ocrx_word' id='word_1_173' title='bbox 625 2654 718 2697; x_wconf 43' lang='lat' dir='ltr'><strong>*auno</strong></span> <span class='ocrx_word' id='word_1_174' title='bbox 737 2637 863 2698; x_wconf 87' lang='lat' dir='ltr'><strong>Domini</strong></span> <span class='ocrx_word' id='word_1_175' title='bbox 887 2636 1142 2698; x_wconf 75' lang='lat' dir='ltr'><strong>ucocchVIt.</strong></span> 
     </span>
    </p>
   </div>
   <div class='ocr_carea' id='block_1_3' title="bbox 269 2769 1197 3441">
    <p class='ocr_par' dir='ltr' id='par_1_3' title="bbox 323 2769 1142 2918">
     <span class='ocr_line' id='line_1_27' title="bbox 323 2769 1142 2852; baseline 0.006 -22"><span class='ocrx_word' id='word_1_176' title='bbox 323 2769 463 2830; x_wconf 86' lang='lat' dir='ltr'><strong>Forma</strong></span> <span class='ocrx_word' id='word_1_177' title='bbox 491 2769 755 2832; x_wconf 87' lang='lat' dir='ltr'><strong>absolutionis</strong></span> <span class='ocrx_word' id='word_1_178' title='bbox 787 2772 934 2833; x_wconf 89' lang='lat' dir='ltr'><strong>totiens</strong></span> <span class='ocrx_word' id='word_1_179' title='bbox 958 2773 1142 2852; x_wconf 88' lang='lat' dir='ltr'><strong>quotiens</strong></span> 
     </span>
     <span class='ocr_line' id='line_1_28' title="bbox 652 2855 809 2918; baseline 0.025 -5"><span class='ocrx_word' id='word_1_180' title='bbox 652 2855 690 2914; x_wconf 93' lang='lat' dir='ltr'><strong>iu</strong></span> <span class='ocrx_word' id='word_1_181' title='bbox 719 2855 809 2918; x_wconf 84' lang='lat' dir='ltr'><strong>vita.</strong></span> 
     </span>
    </p>

    <p class='ocr_par' dir='ltr' id='par_1_4' title="bbox 269 2965 1197 3441">
     <span class='ocr_line' id='line_1_29' title="bbox 354 2965 1195 3028; baseline 0.001 -2"><span class='ocrx_word' id='word_1_182' title='bbox 354 2965 534 3026; x_wconf 75' lang='lat' dir='ltr'><strong>Misereatur</strong></span> <span class='ocrx_word' id='word_1_183' title='bbox 572 2967 615 3026; x_wconf 91' lang='lat' dir='ltr'><strong>tui</strong></span> <span class='ocrx_word' id='word_1_184' title='bbox 654 2973 713 3026; x_wconf 88' lang='lat' dir='ltr'><strong>eto.</strong></span> <span class='ocrx_word' id='word_1_185' title='bbox 764 2967 918 3026; x_wconf 89' lang='lat' dir='ltr'><strong>Dominus</strong></span> <span class='ocrx_word' id='word_1_186' title='bbox 959 2973 1068 3028; x_wconf 81' lang='lat' dir='ltr'><strong>noster</strong></span> <span class='ocrx_word' id='word_1_187' title='bbox 1105 2967 1195 3028; x_wconf 75' lang='lat' dir='ltr'><strong>iesus</strong></span> 
     </span>
     <span class='ocr_line' id='line_1_30' title="bbox 271 3049 1195 3128; baseline 0.002 -20"><span class='ocrx_word' id='word_1_188' title='bbox 271 3049 412 3109; x_wconf 83' lang='lat' dir='ltr'><strong>Christus</strong></span> <span class='ocrx_word' id='word_1_189' title='bbox 444 3067 500 3126; x_wconf 87' lang='lat' dir='ltr'><strong>per</strong></span> <span class='ocrx_word' id='word_1_190' title='bbox 529 3050 669 3108; x_wconf 88' lang='lat' dir='ltr'><strong>meritum</strong></span> <span class='ocrx_word' id='word_1_191' title='bbox 699 3069 775 3109; x_wconf 88' lang='lat' dir='ltr'><strong>suae</strong></span> <span class='ocrx_word' id='word_1_192' title='bbox 805 3050 958 3128; x_wconf 84' lang='lat' dir='ltr'><strong>passionis</strong></span> <span class='ocrx_word' id='word_1_193' title='bbox 985 3057 1016 3109; x_wconf 85' lang='lat' dir='ltr'><strong>te</strong></span> <span class='ocrx_word' id='word_1_194' title='bbox 1043 3049 1195 3128; x_wconf 83' lang='lat' dir='ltr'><strong>absolvat,</strong></span> 
     </span>
     <span class='ocr_line' id='line_1_31' title="bbox 271 3131 1195 3212; baseline 0 -20"><span class='ocrx_word' id='word_1_195' title='bbox 271 3133 440 3192; x_wconf 84' lang='lat' dir='ltr'><strong>autoritate</strong></span> <span class='ocrx_word' id='word_1_196' title='bbox 461 3131 546 3190; x_wconf 86' lang='lat' dir='ltr'><strong>ouius</strong></span> <span class='ocrx_word' id='word_1_197' title='bbox 566 3139 599 3191; x_wconf 92' lang='lat' dir='ltr'><strong>et</strong></span> <span class='ocrx_word' id='word_1_198' title='bbox 618 3132 792 3210; x_wconf 85' lang='lat' dir='ltr'><strong>apostoliea</strong></span> <span class='ocrx_word' id='word_1_199' title='bbox 814 3133 886 3192; x_wconf 89' lang='lat' dir='ltr'><strong>mihi</strong></span> <span class='ocrx_word' id='word_1_200' title='bbox 899 3134 929 3193; x_wconf 88' lang='lat' dir='ltr'><strong>in</strong></span> <span class='ocrx_word' id='word_1_201' title='bbox 942 3131 1001 3192; x_wconf 87' lang='lat' dir='ltr'><strong>heo</strong></span> <span class='ocrx_word' id='word_1_202' title='bbox 1012 3139 1099 3212; x_wconf 88' lang='lat' dir='ltr'><strong>parte</strong></span> <span class='ocrx_word' id='word_1_203' title='bbox 1114 3151 1195 3193; x_wconf 90' lang='lat' dir='ltr'><strong>oom-</strong></span> 
     </span>
     <span class='ocr_line' id='line_1_32' title="bbox 270 3213 1197 3295; baseline 0 -21"><span class='ocrx_word' id='word_1_204' title='bbox 270 3216 368 3274; x_wconf 86' lang='lat' dir='ltr'><strong>misss</strong></span> <span class='ocrx_word' id='word_1_205' title='bbox 399 3221 431 3274; x_wconf 92' lang='lat' dir='ltr'><strong>et</strong></span> <span class='ocrx_word' id='word_1_206' title='bbox 459 3213 512 3273; x_wconf 85' lang='lat' dir='ltr'><strong>tibi</strong></span> <span class='ocrx_word' id='word_1_207' title='bbox 533 3233 685 3275; x_wconf 87' lang='lat' dir='ltr'><strong>oonoessa</strong></span> <span class='ocrx_word' id='word_1_208' title='bbox 706 3233 766 3295; x_wconf 81' lang='lat' dir='ltr'><strong>ego</strong></span> <span class='ocrx_word' id='word_1_209' title='bbox 789 3224 819 3276; x_wconf 90' lang='lat' dir='ltr'><strong>ts</strong></span> <span class='ocrx_word' id='word_1_210' title='bbox 841 3215 972 3277; x_wconf 85' lang='lat' dir='ltr'><strong>absolvo</strong></span> <span class='ocrx_word' id='word_1_211' title='bbox 993 3213 1032 3277; x_wconf 89' lang='lat' dir='ltr'><strong>ab</strong></span> <span class='ocrx_word' id='word_1_212' title='bbox 1055 3215 1197 3278; x_wconf 90' lang='lat' dir='ltr'><strong>omnibus</strong></span> 
     </span>
     <span class='ocr_line' id='line_1_33' title="bbox 270 3297 1195 3378; baseline 0.001 -21"><span class='ocrx_word' id='word_1_213' title='bbox 270 3297 409 3377; x_wconf 88' lang='lat' dir='ltr'><strong>peooatis</strong></span> <span class='ocrx_word' id='word_1_214' title='bbox 430 3298 497 3357; x_wconf 89' lang='lat' dir='ltr'><strong>tuis.</strong></span> <span class='ocrx_word' id='word_1_215' title='bbox 539 3297 573 3356; x_wconf 94' lang='lat' dir='ltr'><strong>ln</strong></span> <span class='ocrx_word' id='word_1_216' title='bbox 597 3298 722 3357; x_wconf 87' lang='lat' dir='ltr'><strong>nomine</strong></span> <span class='ocrx_word' id='word_1_217' title='bbox 742 3299 842 3358; x_wconf 87' lang='lat' dir='ltr'><strong>Patris</strong></span> <span class='ocrx_word' id='word_1_218' title='bbox 866 3303 898 3360; x_wconf 88' lang='lat' dir='ltr'><strong>et</strong></span> <span class='ocrx_word' id='word_1_219' title='bbox 920 3299 987 3358; x_wconf 90' lang='lat' dir='ltr'><strong>Filii</strong></span> <span class='ocrx_word' id='word_1_220' title='bbox 1008 3307 1041 3358; x_wconf 87' lang='lat' dir='ltr'><strong>et</strong></span> <span class='ocrx_word' id='word_1_221' title='bbox 1066 3298 1195 3378; x_wconf 79' lang='lat' dir='ltr'><strong>Spiritus</strong></span> 
     </span>
     <span class='ocr_line' id='line_1_34' title="bbox 269 3380 1175 3441; baseline -0.001 0"><span class='ocrx_word' id='word_1_222' title='bbox 269 3381 299 3441; x_wconf 86' lang='lat' dir='ltr'><strong>s.</strong></span> <span class='ocrx_word' id='word_1_223' title='bbox 325 3380 438 3440; x_wconf 68' lang='lat' dir='ltr'><strong>Amen,</strong></span> <span class='ocrx_word' id='word_1_224' title='bbox 1173 3411 1175 3419; x_wconf 42' lang='grc' dir='ltr'><strong><em>ι</em></strong></span> 
     </span>
    </p>
   </div>
   <div class='ocr_carea' id='block_1_4' title="bbox 269 3513 1194 3675">
    <p class='ocr_par' dir='ltr' id='par_1_5' title="bbox 269 3513 1194 3675">
     <span class='ocr_line' id='line_1_35' title="bbox 269 3513 1194 3596; baseline 0.001 -21"><span class='ocrx_word' id='word_1_225' title='bbox 269 3515 411 3575; x_wconf 82' lang='lat' dir='ltr'><strong>Forma</strong></span> <span class='ocrx_word' id='word_1_226' title='bbox 432 3513 700 3574; x_wconf 84' lang='lat' dir='ltr'><strong>absolutionis</strong></span> <span class='ocrx_word' id='word_1_227' title='bbox 728 3523 767 3575; x_wconf 92' lang='lat' dir='ltr'><strong>et</strong></span> <span class='ocrx_word' id='word_1_228' title='bbox 791 3515 1042 3596; x_wconf 83' lang='lat' dir='ltr'><strong>plenissimae</strong></span> <span class='ocrx_word' id='word_1_229' title='bbox 1064 3514 1194 3576; x_wconf 90' lang='lat' dir='ltr'><strong>remis·</strong></span> 
     </span>
     <span class='ocr_line' id='line_1_36' title="bbox 289 3596 1173 3675; baseline 0.003 -18"><span class='ocrx_word' id='word_1_230' title='bbox 289 3598 438 3675; x_wconf 85' lang='lat' dir='ltr'><strong>sionis,</strong></span> <span class='ocrx_word' id='word_1_231' title='bbox 461 3596 578 3657; x_wconf 90' lang='lat' dir='ltr'><strong>semel</strong></span> <span class='ocrx_word' id='word_1_232' title='bbox 605 3598 641 3656; x_wconf 92' lang='lat' dir='ltr'><strong>in</strong></span> <span class='ocrx_word' id='word_1_233' title='bbox 665 3600 747 3658; x_wconf 90' lang='lat' dir='ltr'><strong>vita</strong></span> <span class='ocrx_word' id='word_1_234' title='bbox 769 3605 805 3658; x_wconf 89' lang='lat' dir='ltr'><strong>et</strong></span> <span class='ocrx_word' id='word_1_235' title='bbox 827 3600 965 3659; x_wconf 91' lang='lat' dir='ltr'><strong>mortis</strong></span> <span class='ocrx_word' id='word_1_236' title='bbox 988 3597 1173 3660; x_wconf 76' lang='lat' dir='ltr'><strong>articulo,</strong></span> 
     </span>
    </p>
   </div>
   <div class='ocr_carea' id='block_1_5' title="bbox 269 3708 1256 4037">
    <p class='ocr_par' dir='ltr' id='par_1_6' title="bbox 269 3708 1256 4037">
     <span class='ocr_line' id='line_1_37' title="bbox 351 3708 1195 3771; baseline -0.002 -1"><span class='ocrx_word' id='word_1_237' title='bbox 351 3709 534 3770; x_wconf 78' lang='lat' dir='ltr'><strong>Misereatur</strong></span> <span class='ocrx_word' id='word_1_238' title='bbox 544 3711 587 3770; x_wconf 90' lang='lat' dir='ltr'><strong>tui</strong></span> <span class='ocrx_word' id='word_1_239' title='bbox 601 3716 642 3771; x_wconf 89' lang='lat' dir='ltr'><strong>et.</strong></span> <span class='ocrx_word' id='word_1_240' title='bbox 680 3711 831 3771; x_wconf 89' lang='lat' dir='ltr'><strong>Dominus</strong></span> <span class='ocrx_word' id='word_1_241' title='bbox 843 3710 1044 3770; x_wconf 80' lang='lat' dir='ltr'><strong>nosterlesus</strong></span> <span class='ocrx_word' id='word_1_242' title='bbox 1057 3708 1195 3770; x_wconf 78' lang='lat' dir='ltr'><strong>Christus</strong></span> 
     </span>
     <span class='ocr_line' id='line_1_38' title="bbox 269 3791 1195 3872; baseline 0 -20"><span class='ocrx_word' id='word_1_243' title='bbox 269 3812 324 3871; x_wconf 89' lang='lat' dir='ltr'><strong>per</strong></span> <span class='ocrx_word' id='word_1_244' title='bbox 344 3791 486 3854; x_wconf 88' lang='lat' dir='ltr'><strong>meritum</strong></span> <span class='ocrx_word' id='word_1_245' title='bbox 514 3812 588 3853; x_wconf 90' lang='lat' dir='ltr'><strong>suae</strong></span> <span class='ocrx_word' id='word_1_246' title='bbox 618 3795 771 3872; x_wconf 88' lang='lat' dir='ltr'><strong>passionis</strong></span> <span class='ocrx_word' id='word_1_247' title='bbox 791 3802 821 3852; x_wconf 89' lang='lat' dir='ltr'><strong>te</strong></span> <span class='ocrx_word' id='word_1_248' title='bbox 844 3792 988 3852; x_wconf 88' lang='lat' dir='ltr'><strong>absolvat</strong></span> <span class='ocrx_word' id='word_1_249' title='bbox 1008 3800 1040 3852; x_wconf 88' lang='lat' dir='ltr'><strong>et</strong></span> <span class='ocrx_word' id='word_1_250' title='bbox 1061 3811 1121 3872; x_wconf 86' lang='lat' dir='ltr'><strong>ego</strong></span> <span class='ocrx_word' id='word_1_251' title='bbox 1144 3812 1195 3852; x_wconf 91' lang='lat' dir='ltr'><strong>au·</strong></span> 
     </span>
     <span class='ocr_line' id='line_1_39' title="bbox 270 3874 1194 3956; baseline -0.002 -20"><span class='ocrx_word' id='word_1_252' title='bbox 270 3878 394 3938; x_wconf 82' lang='lat' dir='ltr'><strong>toritate</strong></span> <span class='ocrx_word' id='word_1_253' title='bbox 416 3876 513 3956; x_wconf 90' lang='lat' dir='ltr'><strong>ipsius</strong></span> <span class='ocrx_word' id='word_1_254' title='bbox 535 3884 567 3936; x_wconf 89' lang='lat' dir='ltr'><strong>et</strong></span> <span class='ocrx_word' id='word_1_255' title='bbox 587 3877 761 3956; x_wconf 85' lang='lat' dir='ltr'><strong>apostoliea</strong></span> <span class='ocrx_word' id='word_1_256' title='bbox 782 3874 854 3934; x_wconf 85' lang='lat' dir='ltr'><strong>milri</strong></span> <span class='ocrx_word' id='word_1_257' title='bbox 877 3876 907 3934; x_wconf 91' lang='lat' dir='ltr'><strong>in</strong></span> <span class='ocrx_word' id='word_1_258' title='bbox 930 3875 988 3934; x_wconf 83' lang='lat' dir='ltr'><strong>hae</strong></span> <span class='ocrx_word' id='word_1_259' title='bbox 1009 3883 1095 3953; x_wconf 86' lang='lat' dir='ltr'><strong>parte</strong></span> <span class='ocrx_word' id='word_1_260' title='bbox 1113 3893 1194 3935; x_wconf 89' lang='lat' dir='ltr'><strong>oom-</strong></span> 
     </span>
     <span class='ocr_line' id='line_1_40' title="bbox 269 3957 1256 4037; baseline 0 -17"><span class='ocrx_word' id='word_1_261' title='bbox 269 3961 365 4020; x_wconf 85' lang='lat' dir='ltr'><strong>missa</strong></span> <span class='ocrx_word' id='word_1_262' title='bbox 395 3966 428 4020; x_wconf 87' lang='lat' dir='ltr'><strong>st</strong></span> <span class='ocrx_word' id='word_1_263' title='bbox 453 3958 508 4019; x_wconf 90' lang='lat' dir='ltr'><strong>tibi</strong></span> <span class='ocrx_word' id='word_1_264' title='bbox 535 3977 687 4020; x_wconf 85' lang='lat' dir='ltr'><strong>soneessa</strong></span> <span class='ocrx_word' id='word_1_265' title='bbox 714 3966 745 4020; x_wconf 85' lang='lat' dir='ltr'><strong>ts</strong></span> <span class='ocrx_word' id='word_1_266' title='bbox 773 3957 903 4018; x_wconf 89' lang='lat' dir='ltr'><strong>absolvo</strong></span> <span class='ocrx_word' id='word_1_267' title='bbox 925 3959 1023 4037; x_wconf 87' lang='lat' dir='ltr'><strong>primo</strong></span> <span class='ocrx_word' id='word_1_268' title='bbox 1047 3957 1086 4029; x_wconf 81' lang='lat' dir='ltr'><strong>ub</strong></span> <span class='ocrx_word' id='word_1_269' title='bbox 1110 3960 1194 4030; x_wconf 76' lang='lat' dir='ltr'><strong>omui</strong></span> <span class='ocrx_word' id='word_1_270' title='bbox 1252 3957 1256 3974; x_wconf 84' lang='lat'><em>&#39;</em></span> 
     </span>
    </p>
   </div>
   <div class='ocr_carea' id='block_1_6' title="bbox 0 0 1542 4750">
    <p class='ocr_par' dir='ltr' id='par_1_7' title="bbox 0 0 1542 4750">
     <span class='ocr_line' id='line_1_41' title="bbox 0 0 1542 4750; baseline 0 0"><span class='ocrx_word' id='word_1_271' title='bbox 0 0 1542 4750; x_wconf 95' lang='lat' dir='ltr'><strong> </strong></span> 
     </span>
    </p>
   </div>
  </div>
 </body>
</html>
