3075 4750
374 446 452 553 188¹
629 500 634 512 ‘
696 488 845 551 Sermones
864 487 975 543 botheri

300 715 325 722 ,,
373 665 518 741 tanquam
533 658 638 722 habito
661 655 782 739 effectu,
803 662 917 722 iustitio
938 660 1065 738 scilicet,
1086 660 1147 721 iem
1169 678 1233 721 non
1256 660 1293 720 sit

373 745 547 807 necessaria
573 762 675 804 cause.
718 743 803 805 Hcec
838 764 911 825 ergo
941 751 988 805 est
1009 744 1195 824 perversitas
1218 750 1291 821 tota,

373 847 442 888 com
464 828 557 887 etium
585 820 753 887 seeundum
775 826 972 889 Aristotelem
1004 828 1093 903 (lieet
1119 827 1186 906 ipse
1205 828 1291 907 justi-

372 912 446 971 tiam
468 910 663 989 exoperibus
684 910 750 971 lieri
772 910 864 989 dicat,
886 910 1002 973 actibus
1025 910 1292 989 scilicetfrequeu·

373 994 462 1067 totis)
487 1001 589 1055 tamen
613 994 706 1054 etiam
728 994 870 1071 docetur,
893 994 986 1073 qnod,
1015 1014 1083 1053 cum
1113 994 1183 1053 insti
1206 994 1294 1055 fueri·

373 1094 456 1154 mus,
488 1084 552 1136 tum
574 1077 708 1139 maxime
730 1096 895 1157 possumus
923 1079 1003 1137 inste
1036 1077 1166 1156 operari.
1218 1076 1292 1151 Quis

374 1160 456 1235 enim
478 1160 569 1221 discit
589 1167 723 1240 cantore,
746 1167 788 1239 nt,
811 1179 880 1221 cum
903 1161 1017 1238 scierit,
1045 1178 1201 1239 nunqnam
1225 1180 1292 1221 ceu·

373 1249 426 1314 tet,
448 1262 485 1302 cc
505 1263 568 1304 non
590 1244 693 1323 potins
714 1250 748 1304 ut
768 1263 863 1323 saepe
885 1244 1010 1305 cantet?
1053 1242 1112 1304 Ito
1129 1244 1293 1303 'iustitie

372 1326 473 1386 lidei
495 1328 581 1387 sine
602 1326 750 1406 quidem
774 1326 953 1387 omnibus
977 1327 1103 1397 detur,
1120 1325 1292 1387 sedtameu

371 1408 411 1469 ad
433 1428 529 1490 opera
550 1416 581 1470 et
601 1416 727 1490 propter
749 1428 846 1489 opera
866 1409 963 1488 detur,
986 1428 1055 1471 cum
1077 1410 1117 1469 sit
1137 1428 1188 1469 res
1203 1428 1292 1488 qnae·

372 1492 444 1552 dem
472 1493 542 1553 viva
572 1512 630 1553 nec
652 1493 750 1573 possit
772 1512 840 1553 esse
873 1486 982 1555 otiose.
1027 1492 1078 1555 Sic
1099 1492 1292 1553 circumcisio

371 1576 516 1637 Abrahae
535 1577 592 1637 snit
613 1596 691 1657 opus
712 1575 783 1635 fidei
807 1595 860 1636 seu
881 1576 1034 1653 iustitiae,·
1059 1582 1091 1635 et
1112 1594 1174 1636 non
1199 1595 1293 1636 conss

372 1660 516 1737 iustitiae,
549 1660 670 1739 accepit
692 1661 773 1719 enirn
803 1678 870 1719 eam
893 1678 950 1739 pro
974 1658 1133 1737 signaculo
1157 1660 1293 1719 institiae

370 1742 458 1818 fidei,
489 1743 578 1803 Rom·
608 1744 637 1805 4.
660 1740 707 1801 Ac
739 1743 784 1801 sic
806 1760 913 1803 omnes
951 1740 1055 1801 Sancti
1087 1742 1206 1821 antiqui
1241 1742 1292 1801 eli-

372 1825 455 1903 quod
485 1826 606 1905 signnm
637 1825 711 1885 foris
733 1826 907 1885 necessario
930 1826 961 1884 in
991 1841 1086 1903 opere
1107 1824 1291 1901 habuerunt,
1373 1832 1374 1849 ³

372 1927 434 1986 quo
457 1907 529 1967 fidei
550 1909 697 1968 iustitiam
718 1909 800 1968 intus
822 1912 1009 1969 testarentur
1029 1907 1113 1969 foris.
1138 1907 1189 1969 Sic
1211 1908 1292 1969 Abel

372 2010 446 2051 suae
467 1989 539 2049 lidei
562 1990 752 2071 signaculum
773 1990 880 2051 hebuit
902 1989 1094 2067 sacrificium,
1119 1997 1150 2051 et
1182 2010 1291 2051 consc-

372 2080 501 2152 qncnler
529 2080 640 2152 postea
676 2093 784 2133 omnes
820 2073 851 2133 S.
884 2074 999 2133 Patres.
1044 2072 1174 2148 Quare
1201 2083 1295 2147 ante

373 2175 485 2217 omne
509 2175 603 2235 opus
625 2163 784 2235 oportet
803 2157 929 2236 ipsum
951 2175 1163 2236 personam
1179 2158 1294 2237 grati-

372 2240 490 2299 licari
513 2258 583 2318 per
611 2240 778 2319 gratiam
800 2240 1102 2301 iustificantem
1135 2240 1293 2301 enfide.

372 2323 458 2384 Tunc
468 2321 503 2382 fit
514 2322 701 2400 mirabiliter,
722 2323 843 2383 utsicut
859 2322 994 2384 Christus
1008 2341 1072 2384 non
1085 2322 1249 2384 tenebatur
1258 2324 1294 2384 od
1373 2350 1374 2367 2

372 2407 654 2483 circumcisionem,
686 2413 788 2466 temen
819 2407 886 2466 Deo
916 2407 996 2466 Petri
1033 2407 1242 2486 gratissimum
1264 2409 1293 2466 in

374 2491 434 2552 hoc
461 2490 535 2550 lecit
555 2508 643 2569 opus,
674 2490 719 2549 sic
746 2488 875 2568 quilibet
895 2490 991 2549 iustus
1014 2489 1053 2550 ad
1072 2489 1192 2548 nullum
1217 2509 1294 2569 opus

292 2637 296 2643 ,
375 2575 453 2654 legis
475 2579 611 2649 tenetur,
646 2579 801 2633 ettamen
825 2572 933 2632 ecdem
954 2572 1028 2632 facit
1048 2580 1079 2632 et
1102 2571 1194 2632 debet
1215 2573 1294 2650 Deo,

374 2663 492 2716 tentum
515 2655 632 2715 scilicet
653 2656 829 2733 requiritur,
860 2663 976 2720 utnon
999 2656 1183 2716 necessitate
1206 2656 1294 2736 legis,
1373 2685 1374 2702 κ

373 2738 426 2799 sed
449 2737 608 2799 voluntate
630 2737 731 2798 cordis
763 2739 868 2816 faciut3
909 2757 980 2798 nam
1017 2739 1187 2798 necessitas
1222 2739 1296 2800 lacit

374 2840 506 2898 servum,
519 2819 868 2898 voluntaslibemm,illc
878 2821 1133 2901 peccatum,hsec
1141 2822 1295 2882 meritum.

458 2903 602 2965 Secundo
632 2903 764 2964 dimissis
786 2904 832 2964 his
865 2903 1023 2964 subtilibus
1054 2905 1206 2964 rationem
1240 2906 1294 2964 cir·
1373 2919 1374 2970 ξ

376 2987 573 3048 enmcisionis
595 2987 706 3046 Christi
727 2987 875 3053 moralem
899 2987 952 3048 dat
973 2987 1182 3063 bernhardus,
1211 2987 1295 3066 quod
1373 3023 1374 3026 η

376 3070 495 3130 scilicet
518 3070 655 3130 Christus
678 3088 734 3149 pro
757 3069 852 3131 nobis
866 3071 964 3132 voluit
984 3072 1118 3148 reputari
1135 3079 1295 3149 peccatorq

374 3152 456 3231 qnod
481 3172 542 3214 non
566 3162 646 3230 emt,
681 3159 712 3212 el·
743 3153 933 3231 circumcidi,
965 3151 1048 3232 quod
1078 3172 1140 3213 non
1164 3171 1243 3232 opus
1267 3155 1296 3212 ei
1373 3201 1374 3222 2

375 3242 455 3313 erat,
489 3242 522 3296 nt
539 3255 608 3316 ‚uos
637 3235 819 3296 desistamus
852 3236 932 3296 velle
959 3237 1092 3314 reputari
1120 3235 1203 3314 quod
1225 3253 1295 3297 'non
1373 3231 1374 3316 l

375 3338 491 3395 sumus,
514 3325 546 3378 et
567 3319 657 3395 velle,
680 3319 761 3397 qnod
787 3338 849 3380 nou
872 3326 921 3380 cst
941 3338 1036 3398 opns3
1058 3325 1090 3380 at
1109 3325 1143 3378 ut
1163 3319 1295 3378 velimus
1373 3365 1374 3398 ᾗ

373 3403 507 3481 reputari
521 3401 604 3481 quod
619 3421 732 3478 sumus,
754 3409 785 3462 et
806 3402 896 3480 velle,
919 3401 1002 3481 quod
1024 3401 1113 3462 nobis
1136 3420 1215 3480 opus
1237 3411 1294 3463 est.
1373 3413 1374 3440 ³

373 3485 451 3546 Nom
474 3485 546 3544 huic
571 3485 754 3565 gravissimo
785 3491 815 3544 et
837 3485 1032 3546 tenacissimo
1055 3483 1163 3544 morbo
1182 3484 1296 3545 'mede-

375 3575 423 3628 tur
442 3568 502 3628 hic'
515 3567 660 3631 Christus.
683 3567 785 3629 Homo
808 3567 965 3647 superbus,
987 3587 1056 3628 cum
1079 3567 1118 3626 sit
1139 3574 1297 3646 peccetur,
1373 3623 1374 3632 ,

374 3651 441 3710 vult
468 3657 571 3723 tomen
600 3651 712 3727 iustus,
740 3670 803 3712 nou
832 3657 979 3730 peccator
1003 3651 1120 3732 putari,
1154 3657 1186 3710 et
1206 3653 1298 3730 pouit

313 3744 315 3752 ⁴
374 3733 479 3795 nidum
501 3753 590 3794 suum
618 3735 698 3794 iuter
726 3734 828 3794 sidera
857 3753 898 3794 ac
922 3732 1130 3796 habitaculum
1152 3750 1241 3792 snum
1264 3735 1295 3794 in

376 3818 516 3878 scissuris
538 3823 693 3897 petrarum
716 3817 814 3895 abdit,
849 3817 910 3880 hoc
931 3823 988 3896 est,
1010 3818 1090 3878 inter
1111 3816 1209 3876 iustos
1231 3817 1299 3878 vult

376 3901 545 3979 numerari,
583 3919 653 3960 cum
686 3901 766 3960 inter
799 3906 979 3981 peccatores
1011 3901 1051 3961 sit
1077 3899 1297 3961 numerandus.
1326 3956 1328 3964 .
1373 3971 1374 3980 χ

379 3981 460 4042 Vide
483 4002 568 4064 ergo,
590 3989 622 4044 tn
639 3984 720 4044 inter
740 3982 872 4047 &notos
894 3983 1080 4065 vis-fulgere
1102 3989 1135 4043 et
1154 4001 1219 4044 uon
1242 3985 1298 4046 cir
1373 3981 1374 4054 J
