3075 4750
339 476 404 549 600
639 478 821 540 Probctlcncs
840 474 968 535 tbnclus·

339 653 404 717 sius
424 647 556 712 renuit
569 653 609 712 at
633 648 666 709 in
687 666 723 711 ss
744 647 845 727 ipsun
867 644 989 714 seduxit
1011 647 1077 711 aius
1100 644 1262 709 subtilem
1380 672 1381 701 1

339 731 508 813 cogitatum
531 728 698 810 quaerendi
724 729 824 790 Deum
846 728 936 808 alibi,
959 726 1090 789 dicens:
1113 727 1264 808 Philipps,

340 814 392 893 qui
404 812 490 876 videt
499 832 549 875 me
563 812 813 876 vidctatPetrem
826 830 936 890 meum,
947 812 1061 893 ergoin
1071 811 1193 877 consto
1201 830 1263 871 cru-

340 895 570 962 cifixoestvsra
582 895 666 960 tbaol
711 895 1006 977 'eetcognitioDei
1028 894 1265 959 notabantur

339 978 439 1044 Nemo
468 979 552 1041 vanit
577 978 617 1041 sd
644 978 669 1041 P
701 998 782 1058 ram,
816 980 875 1041 nisi
909 998 966 1059 per
987 997 1044 1045 ma
1089 976 1158 1059 Ego
1195 997 1264 1040 suus

341 1063 454 1137 ostium
476 1069 535 1127 etc.

726 1204 729 1213 ·
750 1186 831 1251 xxi,
887 1199 890 1208 ’

420 1306 603 1388 ¹'sbaologus
633 1304 752 1387 gloriae
780 1305 855 1377 dioit
880 1273 1132 1375 natumnatum
1159 1260 1266 1390 etbo-
1382 1284 1383 1287 Ἴ

341 1412 416 1456 num
438 1390 562 1469 malum,
584 1388 748 1471 theologus
769 1390 869 1455 crucis
884 1388 969 1464 dicit,
989 1390 1021 1451 id
1033 1390 1117 1469 quod
1131 1410 1191 1465 ras
1208 1399 1268 1455 ast.

426 1474 531 1554 Patet,
565 1474 650 1553 qnia,
680 1471 753 1532 dutn
783 1473 905 1553 ignorat
940 1472 1119 1552 corinun,
1142 1476 1268 1555 ignorat
1383 1519 1384 1535 t

344 1559 445 1620 Deum
475 1556 690 1619 absconditum
724 1555 754 1615 in
782 1556 994 1637 passionibus,
1028 1556 1099 1618 ideo
1132 1558 1268 1637 praefeit

342 1660 439 1722 opera
460 1638 672 1722 passionibus,
702 1644 734 1698 et
754 1638 886 1718 gloriam
906 1641 1006 1718 cruci,
1028 1642 1200 1719 potentiam
1223 1642 1266 1701 in·

291 1767 297 1779 ,
341 1724 495 1802 firmitati,
527 1724 708 1785 scientiam
731 1720 896 1801 stultitiae,
923 1730 955 1783 st
976 1723 1191 1793 universaliter
1212 1724 1267 1786 bo-

344 1828 417 1869 nnm
439 1805 532 1869 malo.
553 1744 645 1869 'Feles
667 1810 747 1883 sunt,
769 1823 848 1885 quos
870 1805 1030 1885 apostolus
1052 1813 1145 1877 vocat
1166 1808 1266 1873 inimi·

215 1920 219 1927 ·
343 1910 397 1955 oos
425 1891 523 1951 crucis
555 1887 720 1963 Christi.*)
763 1886 879 1968 Utique
910 1888 982 1969 qnia
1010 1888 1120 1952 odiunt
1142 1908 1265 1952 erucem

345 1981 377 2038 et
396 1974 568 2055 passiones,
589 1977 695 2033 amant
717 1990 791 2031 vero
811 1990 906 2052 opera
927 1978 959 2033 ct
979 1968 1113 2053 gloriam
1127 1972 1267 2052 iliorum,

343 2075 381 2118 sc
394 2056 439 2133 sic
453 2055 567 2130 bonum
580 2055 677 2115 crucis
686 2052 922 2132 dicuntmalum,
940 2054 1093 2124 etmalum
1101 2057 1208 2136 operis
1222 2054 1266 2121 di-

344 2138 549 2203 ountbonum.
571 2136 938 2216 AtDenmnoniuveniri,
960 2139 1019 2199 nisi
1030 2139 1061 2201 in
1071 2139 1269 2219 passionibus

344 2231 376 2283 et
398 2240 497 2300 cruce,
519 2222 581 2281 iam
603 2220 718 2281 dictum
740 2227 796 2280 est.
834 2219 908 2281 Ideo
930 2222 1021 2281 amici
1042 2224 1140 2283 crucis
1163 2222 1271 2284 dicunt

344 2325 464 2367 crucem
476 2323 546 2367 esse
562 2303 685 2382 bonam,
709 2309 847 2384 etopera
863 2303 952 2385 mala,
975 2306 1046 2385 quia
1067 2324 1122 2387 per
1144 2324 1267 2367 crucam

347 2390 544 2457 destruuntur
576 2407 688 2468 opera,
717 2393 749 2450 et
774 2386 959 2470 crucifigitus¹
979 2385 1097 2467 Adam,
1129 2391 1183 2469 qui
1211 2410 1268 2471 per

344 2493 439 2555 opera
462 2474 564 2553 potins
594 2467 793 2537 aedificata..
823 2469 1002 2552 Imposibilc
1035 2479 1084 2534 est
1111 2474 1204 2552 anim,
1235 2480 1269 2534 ut

347 2577 420 2636 non,¹
434 2555 555 2629 infletur
576 2554 720 2634 operibus
742 2554 806 2630 suis
829 2554 928 2634 bonis,
951 2557 1002 2634 qui
1024 2556 1268 2641 nonpriuoaxi-

344 2642 476 2705 nasitus
489 2647 521 2702 et
542 2637 713 2710 destructus
728 2642 783 2698 est
803 2637 999 2717 passionibus
1021 2645 1053 2703 ct
1075 2639 1180 2718 malis,
1212 2637 1270 2702 do-

344 2743 403 2802 nec
424 2722 654 2802 soiatseipsnn
674 2739 745 2785 essa
764 2719 850 2800 nitri,
872 2728 1028 2803 eblonem:
1042 2741 1105 2788 nou
1120 2741 1193 2802 sua,
1211 2721 1267 2786 sod

344 2807 506 2884 Dciesse,
717 2857 809 2882 ,,,
905 2847 908 2856 ·
1031 2845 1056 2860 ι.

705 2995 709 3000 ,
757 2931 852 2996 XXII.

330 3085 336 3092 x
377 3035 381 3048 ¹
428 3049 586 3132 Sapientia
607 3052 671 3130 illa,
692 3071 772 3132 quaa
791 3051 959 3124 invisibilia
978 3051 1037 3126 Dei
1058 3051 1205 3133 operibns
1224 3053 1272 3122 ins

347 3133 473 3205 tellecta
484 3136 645 3215 conspicit,
660 3135 789 3210 omnino
803 3133 902 3214 inflat,
910 3142 1061 3210 excaecat
1079 3141 1114 3198 et
1133 3135 1270 3202 indura

427 3215 460 3298 Id
477 3217 537 3277 iam
559 3217 675 3299 dictnrn
697 3227 761 3298 ast,
782 3218 870 3298 quia,
892 3238 932 3278 ex
953 3237 1015 3298 qno
1037 3237 1158 3292 crucem
1181 3221 1269 3302 igno

344 3307 414 3365 rant
443 3306 536 3380 atque
569 3300 692 3380 odiunt,
730 3301 906 3374 necessario
939 3302 1095 3372 annuatia
1125 3301 1268 3384 diliguat,

346 3384 473 3464 seilicet,
495 3384 687 3464 sapientiam,
706 3383 841 3465 gloriam
863 3391 895 3446 ct
914 3385 1088 3465 potentiam
1110 3392 1167 3446 sta
1192 3383 1267 3449 Id'co

347 3465 400 3539 tali
415 3485 531 3532 amors
552 3467 650 3548 magis
672 3473 879 3531 excaecantur
900 3465 1269 3549 etinduranturulmpos·

345 3547 434 3629 sibile
461 3556 509 3624 est
541 3551 633 3629 enim,
655 3549 739 3632 quod
762 3549 913 3631 cupiditas
936 3551 1063 3616 satietur
1089 3550 1152 3630 bis,
1187 3571 1267 3632 quae

346 3633 439 3716 cupit,
460 3634 632 3714 acquisitis..
669 3631 754 3697 Siout
776 3634 857 3712 enim
872 3635 998 3708 ,crescit
1023 3653 1112 3699 curor
1141 3637 1270 3714 nummi,

347 3723 501 3798 quantum¹
517 3717 589 3796 ,ipsa
613 3718 749 3797 pecunia
769 3717 889 3794 arescit
933 3716 984 3792 Sin
1004 3716 1182 3812 bpdropisis
1204 3722 1265 3785 ani·

347 3861 766 3888 *ΜΛ-μ·-

372 3943 773 4066 .·.'>'1²no't'pn,.'.s.‚‚,ss
1005 4035 1008 4044 .
1225 4021 1228 4028 .
