3075 4750
359 455 424 529 240
674 460 807 527 Quaestio
825 418 860 514 ie
878 459 983 513 viribus
1064 462 1081 519 ’,

360 633 501 712 utrinqne
527 630 682 705 vincatur,
716 634 749 690 ct
783 646 853 708 spes
884 647 942 689 nec
968 646 988 688 a
1017 628 1149 692 sinistris
1177 646 1236 689 nec
1265 647 1283 688 a
1370 680 1373 693 .

297 764 301 778 .
360 716 477 777 dextris
509 711 614 773 cadat:
649 711 836 791 siquidema
873 713 1001 775 sinistris
1038 710 1140 791 mille,
1178 710 1233 771 sed
1265 730 1283 771 a

360 798 477 860 dextris
499 796 606 857 decem
628 795 713 856 milia
732 794 856 857 cadunt.

675 1012 881 1116 Quaestio
913 945 971 1109 iI.

360 1218 469 1280 Utrum
502 1215 645 1276 voluntas
673 1216 807 1276 hominis
842 1221 930 1275 extra
956 1214 1085 1296 gratiam
1119 1216 1286 1275 constituta

477 1299 574 1359 libera
596 1300 648 1377 sit,
672 1318 710 1358 an
733 1300 836 1378 potius
857 1316 947 1358 serva
968 1304 1000 1358 et
1022 1297 1168 1377 captiva?

710 1463 938 1524 Conclusio.

446 1631 598 1692 Voluntas
631 1628 765 1689 hominis
799 1636 886 1689 extra
918 1629 1048 1709 gratiam
1078 1646 1141 1689 non
1173 1635 1224 1688 est
1255 1626 1285 1687 li-

363 1714 436 1776 bera
457 1721 595 1789 actuum,
633 1730 688 1771 seu
722 1711 944 1771 contrariorum
983 1730 1037 1771 seu
1081 1710 1286 1773 contradicto

362 1798 492 1873 riorum,
533 1794 589 1855 sed
629 1796 805 1855 necessario
845 1812 935 1853 serva
972 1800 1004 1854 et
1041 1796 1178 1873 captiva,
1217 1793 1287 1853 licet

363 1879 461 1940 libera
490 1879 528 1938 ab
564 1878 648 1937 omni
681 1879 853 1937 coactione.
897 1877 956 1937 Pro
984 1875 1169 1957 probatione
1199 1876 1286 1935 huius

364 1961 572 2022 conclusionis
603 1967 650 2019 eet
682 1961 834 2039 principio
862 1958 1046 2037 notandum,
1085 1958 1168 2038 quod
1201 1957 1286 2019 alitis
1372 2002 1373 2011 a

364 2044 508 2105 contrarii
548 2042 715 2103 voluntatis
758 2044 819 2102 sint
865 2042 945 2102 velle
988 2049 1020 2102 et
1060 2043 1162 2118 nolle3
1215 2060 1286 2121 quo-

362 2147 430 2188 rum
464 2133 625 2205 utrumque
658 2132 706 2185 est
738 2126 920 2205 positivum3
954 2123 1183 2185 connadictorii
1218 2126 1287 2202 sint,
1372 2176 1373 2205 ἒ

364 2210 445 2270 velle
467 2217 499 2270 et
519 2227 582 2269 non
604 2208 700 2285 velle,
729 2208 812 2269 idem
834 2207 918 2268 nolle
943 2215 974 2268 et
1001 2227 1065 2268 neu
1093 2206 1194 2268 nolle:
1229 2208 1289 2268 hoc
1372 2230 1373 2239 ¹

365 2299 428 2371 est,
455 2290 622 2370 aliquando
645 2291 726 2369 vult,
762 2290 929 2369 aliquando
954 2298 1055 2350 autern
1081 2308 1182 2369 neque
1214 2290 1287 2366 vult,

365 2396 466 2456 neque
494 2395 556 2436 non
585 2375 664 2451 vult,
694 2374 749 2435 sed
781 2381 885 2434 manet
913 2381 1020 2434 neutra
1054 2381 1085 2435 et
1114 2376 1180 2435 sine
1210 2382 1289 2435 actu.

365 2458 508 2523 Secundo
532 2457 710 2537 notandum,
733 2458 815 2538 quod
838 2458 999 2535 loquamur
1021 2457 1115 2518 modo
1138 2457 1176 2517 de
1200 2456 1289 2518 liber·

365 2550 429 2604 tate
460 2541 627 2602 voluntatis
655 2548 797 2620 respectu
828 2541 928 2600 meriti
956 2547 987 2600 et
1012 2539 1160 2602 demeriti.
1210 2540 1289 2600 Nam

365 2631 506 2706 respectu
528 2625 656 2685 aliorum
680 2642 804 2693 suorum
818 2621 994 2684 inferiorum
1010 2638 1073 2683 non
1089 2642 1181 2704 nego,
1206 2623 1289 2704 quod

366 2710 415 2788 sit,
437 2709 500 2767 imo
522 2705 662 2767 videatur
683 2707 742 2768 sibi
765 2707 871 2784 libera,
895 2714 958 2766 tum
980 2701 1020 2765 ad
1039 2708 1202 2784 contraria,
1226 2713 1291 2766 turn

365 2791 404 2851 ad
428 2789 677 2850 connadictoria.

448 2873 518 2932 istis
539 2872 688 2933 stantibus
709 2870 808 2950 probo
830 2872 962 2951 priorem
986 2871 1196 2931 conclusionis
1222 2891 1291 2950 par-

367 2964 444 3016 tem:
475 2954 556 3034 quod
580 2973 690 3034 nempe
712 2973 774 3014 non
798 2955 838 3013 sit
859 2955 955 3015 libera
976 2955 1006 3013 in
1025 2954 1291 3014 contradictoriis:

367 3039 449 3118 quod
478 3040 504 3098 si
532 3045 579 3098 est
606 3037 701 3098 libera
729 3036 767 3096 ad
793 3051 859 3096 ‘non
882 3037 1057 3117 eligendum
1086 3057 1174 3097 suum
1198 3038 1292 3116 velle,

367 3123 513 3202 sequitur,
535 3120 617 3199 quod
640 3122 731 3180 etiam
754 3119 851 3179 libera
868 3122 925 3180 erit
946 3119 983 3179 ad
1002 3119 1172 3180 cavendum
1197 3138 1292 3180 omne
1371 3177 1372 3194 2

255 3214 259 3222 '
360 3212 528 3286 peccatum
550 3204 691 3264 luiturum.
741 3202 802 3263 sed
828 3203 888 3261 hoc
911 3209 957 3263 eet
978 3202 1103 3283 laisum,
1131 3204 1194 3266 imo
1219 3202 1291 3266 hae.

368 3288 511 3366 retioum,
544 3293 576 3346 et
598 3293 706 3346 contra
733 3284 808 3345 illud
838 3285 868 3346 S.
900 3285 1061 3366 Gregorii:
1114 3284 1292 3360 Peccatum,

368 3370 451 3450 quod
472 3389 528 3451 per
547 3369 770 3448 poenitentiam
795 3387 856 3428 non
879 3368 1025 3445 abluitur,
1048 3387 1121 3428 mox
1145 3367 1293 3429 adalind

368 3451 584 3532 suspendere
607 3451 707 3512 trahit.
751 3450 812 3512 Sed
834 3452 859 3510 si
881 3451 977 3512 libera
1000 3457 1063 3525 est,
1094 3457 1198 3530 potest
1226 3471 1293 3512 non

368 3536 447 3598 trahi
469 3535 509 3596 ad
524 3534 695 3613 ·aliud,2vel
716 3535 740 3593 si
764 3553 827 3594 non
850 3542 954 3614 potest
976 3535 1156 3594 tractionem
1179 3535 1294 3615 vitare,

368 3639 431 3680 non
453 3624 502 3681 est
523 3618 627 3678 libera.
661 3617 761 3678 Probo
779 3624 810 3676 ct
827 3616 887 3677 hoc
901 3637 956 3696 per
977 3635 1142 3677 commune
1163 3616 1294 3695 dictum,

368 3701 451 3781 quod
473 3702 616 3762 voluntas
638 3707 725 3760 extra
746 3701 875 3779 gratiam
902 3719 965 3760 non
993 3705 1098 3779 potest
1126 3698 1178 3759 diu
1209 3707 1295 3761 stare

368 3786 434 3844 sine
465 3790 595 3864 peccato
627 3783 762 3861 mortali,
795 3801 889 3862 quare
922 3801 980 3843 nee
1011 3783 1078 3842 sine
1110 3783 1295 3862 captivitate

368 3865 515 3927 libertatis
537 3883 620 3927 suae.
653 3865 782 3926 Demum
796 3866 894 3946 probo
908 3884 964 3948 per
979 3864 1093 3926 dictum
1109 3865 1248 3944 apostoli
1264 3870 1294 3930 2.

368 3950 446 4010 Tim.
476 3952 511 4027 2,
550 3956 582 4009 ut
608 3950 791 4030 resipiscant
819 3969 839 4008 a
866 3948 984 4029 laqueis
1014 3947 1146 4028 dioboli,
1176 3965 1196 4008 ε
1228 3967 1295 4030 quo
