3075 4750
592 405 698 508 llinolbl
718 453 880 534 Audulfii.
1176 459 1200 524 7

273 625 418 764 iuvpnara
439 623 542 684 Deum
575 624 661 684 inula
693 622 900 703 Euangeliou
932 631 965 685 at
996 630 1103 686 satam
1134 629 1196 689 ooli

275 706 324 767 ido
338 725 368 769 a.
702 737 705 742 ·

352 788 394 848 Et
422 788 569 866 quonlam
597 787 765 848 adver-sarii
797 807 853 857 sua
883 789 984 866 idola,
1018 807 1137 851 arrorss
1163 796 1198 852 st

271 871 522 932 abominationes
541 870 717 938 nouvarbo
730 871 805 949 Dai‚.
821 871 875 932 sod
898 870 1076 932 fulminibus
1097 874 1196 933 arimi-

271 955 431 1014 natiunum
454 961 486 1016 at
506 952 801 1014 aondemnatiouum
817 953 1065 1033 propugnabant,
1087 975 1198 1016 aoornu

272 1035 402 1098 debatur
433 1037 464 1096 in
500 1035 637 1096 Dostora
670 1034 804 1096 bulbeno
841 1036 1003 1116 diligentia
1038 1039 1195 1117 cogitandi

271 1119 444 1180 auauratius
466 1118 507 1178 de
530 1120 673 1178 univorsa
695 1118 845 1194 donimus,
869 1126 902 1178 ot
921 1120 1091 1198 quassandi
1112 1123 1197 1182 testi..

272 1202 380 1262 monia
400 1202 578 1280 scripturae,
598 1220 679 1279 quae
702 1203 732 1260 in
757 1201 899 1262 omnibus
914 1204 1135 1264 oonborarsiis
1156 1204 1198 1265 da

271 1285 422 1364 religione
444 1283 598 1362 rebusque
612 1283 730 1344 divinis
748 1286 920 1346 certissima
940 1283 1101 1370 upra-ipsu
1115 1293 1195 1347 sunt.

271 1367 350 1426 llum
373 1367 460 1426 initio'
482 1365 590 1428 harum
612 1366 854 1446 disputationum
882 1385 948 1429 nun
968 1368 1156 1429 abhorrebat
1175 1387 1197 1429 a

271 1449 373 1510 mmo
396 1447 538 1528 publicae
561 1449 750 1510 aouuordiao
769 1455 801 1510 et
822 1452 917 1529 pasis,
938 1469 997 1510 neo
1016 1451 1195 1512 inuboatam

272 1531 365 1592 telam
386 1532 684 1611 perterruissetrnlsi
706 1531 950 1593 adversariorum
964 1534 1196 1611 importunitate

272 1615 310 1676 ad
332 1613 584 1694 respondendum
597 1615 746 1694 impulsus
766 1615 884 1676 luisset.
927 1614 989 1675 Sed
1002 1617 1196 1676 verissimum

167 1734 170 1739 -
272 1704 327 1777 ast,
350 1705 383 1758 st
404 1697 550 1777 exemplo
563 1697 706 1758 Dootoris
719 1697 844 1759 Lutbari
866 1695 1089 1776 confirmatum,
1111 1698 1195 1777 quod

269 1779 506 1842 Proverbiornm
527 1782 556 1841 l.
579 1763 997 1856 dieitus‚1Just0rumsemita
1018 1781 1125 1842 similis
1146 1789 1196 1851 est

270 1864 340 1941 luti,
364 1863 454 1942 quain
478 1881 589 1924 aurora
609 1864 735 1943 spargit.
778 1863 820 1924 Ut
841 1864 921 1924 enim
943 1864 1022 1924 baad
1043 1865 1195 1943 paulatim

271 1965 369 2025 mque
391 1945 430 2006 ad
453 1945 612 2006 matidiam
635 1947 760 2022 aream,
789 1943 833 2008 ita
858 1947 891 2004 in
912 1954 1040 2025 pastura
1061 1946 1194 2024 botheri,

269 2029 402 2109 legentis
424 2029 538 2108 soripta
559 2029 743 2108 prophetias
763 2029 992 2107 stapostoliaa,
1013 2029 1098 2090 Danas
1121 2028 1190 2090 sub·

270 2111 344 2174 inde
377 2111 539 2172 alarionem
569 2118 603 2172 at
634 2109 799 2171 firmiorum
833 2112 933 2171 luoem
971 2111 1127 2189 sucendit,
1162 2116 1194 2171 at

271 2202 433 2273 utrumque
456 2194 484 2254 ui
504 2193 663 2274 potuissit,
687 2191 832 2254 videlicet
853 2195 1075 2272 confessionis,
1100 2213 1193 2273 quam

270 2280 336 2358 ipsa
359 2276 517 2353 sonabat.
530 2277 689 2336 veritatem
712 2277 890 2354 immotam,
917 2284 948 2336 et
968 2278 1094 2356 impiam
1115 2278 1194 2336 irau-

271 2360 341 2423 dsm
369 2359 521 2438 bostium,
552 2359 604 2439 qui
635 2359 781 2423 iustiaotu
812 2358 927 2421 diaboli
960 2358 1000 2419 ot‘
1024 2359 1194 2420 antichristi

272 2444 378 2507 onnia
399 2442 503 2503 divina
524 2449 558 2503 et
577 2442 714 2503 bumana
734 2448 924 2521 pervertunt
1215 2434 1233 2453 ‘

356 2526 484 2587 Disoaut
503 2544 579 2605 argo
601 2526 643 2603 pii
666 2525 798 2585 lautores
820 2544 861 2583 ax
882 2524 982 2601 libris,
1003 2539 1083 2602 quoa
1104 2524 1194 2584 initio

272 2610 309 2670 D.
330 2608 480 2673 lutherus
503 2606 608 2683 edidit,
631 2607 789 2685 quomodo
811 2627 852 2667 ax
873 2607 996 2686 papista
1016 2624 1090 2667 vare
1107 2604 1194 2669 Obri-

272 2693 405 2767 stianus,
434 2697 526 2752 atax
553 2691 654 2751 omino
683 2689 782 2751 bostis
810 2698 903 2769 atqua
931 2689 1073 2751 inimicus
1094 2695 1194 2769 papaa'

272 2775 371 2837 fautus
395 2774 442 2851 sit,
467 2792 524 2835 usa
538 2774 698 2851 quisquam
722 2771 896 2833 offendatur
916 2772 1026 2831 horum
1047 2771 1195 2844 librorum

151 2874 155 2897 .
273 2857 422 2931 lautiona‚›
440 2855 523 2934 quod
544 2858 575 2915 in
598 2856 635 2915 iis
657 2854 809 2934 quasdam
824 2855 929 2915 videro
952 2854 1044 2915 lineat
1065 2874 1195 2915 eonsen-

274 2947 366 3001 tansa
382 2937 633 3003 ,adversariorum
655 2938 825 3014 domninae,
848 2937 1021 2998 cuiusmodi
1042 2943 1114 2997 suut
1133 2937 1196 2997 loai
1294 2997 1298 3004 ,

238 3092 240 3097 ,
274 3021 313 3083 da
336 3026 493 3101 potestate
521 3018 676 3099 pontificis
698 3027 730 3081 et
760 3021 996 3099 episcoporum,
1024 3019 1195 3096 dominas,

274 3111 305 3165 at
325 3105 364 3165 de
388 3104 565 3182 unaspaoia
587 3120 705 3163 coenas
716 3102 847 3163 Domini.
891 3103 970 3163 Nam
994 3108 1195 3181 ootamporn,

274 3206 334 3266 quo
364 3186 443 3247 basa
469 3186 606 3264 sumpsit,
634 3186 805 3264 antecaptis
834 3185 1032 3264 opinionibus
1049 3184 1196 3265 impedis-

275 3271 377 3347 batur,
410 3270 574 3348 quominus
601 3267 721 3329 alaram
742 3268 880 3329 veritatis
907 3268 1017 3328 faulam
1045 3274 1195 3328 assuerat·

274 3354 440 3431 Postquam
463 3350 640 3415 verofduae
661 3356 693 3411 at
720 3352 836 3413 oomita
855 3350 950 3411 verbo
971 3351 1030 3409 Dei
1050 3369 1090 3409 ax
1112 3356 1196 3419 tana·

274 3436 333 3499 bris
357 3436 511 3499 eluctatus
533 3441 581 3495 est
602 3440 633 3495 et
652 3434 843 3495 inorsmouta
861 3433 936 3493 luais
951 3432 1077 3493 divinas
1089 3433 1196 3509 sensit,

274 3518 409 3599 quadam
431 3516 745 3579 axaalsaooustantia
766 3516 868 3577 stilum
882 3517 1035 3576 aonvartit
1055 3514 1095 3574 ad
1113 3514 1195 3575 laba*

272 3600 449 3665 laniandam
472 3618 573 3680 papas
595 3598 799 3679 tyrannidem,
822 3616 883 3677 quo
907 3598 1031 3677 qnidam
1051 3600 1082 3657 in
1105 3616 1196 3656 oursu

272 3684 448 3747 admirabili
469 3688 501 3745 et
522 3682 784 3743 diviualsliuitate
806 3701 879 3743 usus
902 3687 958 3759 est,
979 3680 1011 3740 id
1031 3679 1115 3759 quod
1128 3680 1196 3759 pius

246 3768 250 3778 ’
273 3775 305 3829 et
326 3766 477 3829 candidus
495 3767 592 3827 leotor
613 3770 721 3827 notata
742 3770 916 3844 temporum
937 3764 1058 3823 sedeat
1073 3760 1197 3822 distiuo

272 3853 360 3913 tione
381 3850 471 3911 labile
492 3848 726 3913 animadvertat.

357 3932 424 3997 Eltsi
446 3938 548 3995 autam
570 3932 615 3991 vir
635 3931 759 4011 sapiens
782 3934 815 3990 st
835 3929 955 3989 divinus
971 3944 1195 4006 saepannmaro
