3075 4750
451 460 480 513 et
497 456 640 516 voluntate
656 456 779 520 hominis
799 458 861 516 sina
878 457 977 529 gratia
1120 455 1184 527 247

344 628 445 707 Patet,
466 627 549 710 quod
570 632 659 699 setus
680 626 775 696 homo
796 631 846 692 est
865 626 927 705 ite,
950 628 1002 707 qui
1024 628 1186 707 purissime
1290 634 1296 646 ”
1379 687 1380 711 ¹

263 712 362 778 Deum
383 731 447 774 non
471 710 579 791 diligit,
601 729 660 771 nec
681 709 835 781 ferventer
856 710 919 771 sitit
942 719 972 780 et
990 712 1103 796 vesanit,
1131 710 1185 773 sed

263 801 368 859 ments
396 801 429 857 et
456 791 563 877 spiritu
584 792 773 862 saturitatem
795 792 825 856 in
850 796 989 869 creatura
1010 796 1186 874 praesumit,

264 899 333 940 cum
367 886 472 938 tamen
497 876 557 937 Dei
590 895 689 957 capax
718 874 787 939 solo
815 874 882 936 Deo
917 878 1044 937 saturari
1072 878 1188 957 possit3

264 969 312 1026 est
344 979 419 1043 ergo
453 960 573 1021 vanitas
603 960 773 1021 vanitatum
802 958 886 1044 Ecol.
919 962 954 1033 1,
988 966 1020 1023 et
1046 961 1189 1025 universa

264 1045 385 1113 vanitas
434 1041 515 1104 Psal.
548 1042 605 1121 38,
649 1048 848 1123 veruntamen
887 1042 1030 1106 univorsa
1069 1044 1188 1106 vanitas

265 1127 366 1189 omnis
388 1089 482 1188 loma
504 1126 623 1188 vivens.
666 1123 757 1200 Quod
780 1127 881 1185 sutem
910 1124 1045 1209 reliquas
1073 1134 1188 1187 creatu-

263 1230 313 1274 ras
338 1210 455 1289 alioqui
476 1208 575 1283 bonas
601 1207 787 1285 (secundnm
808 1206 883 1269 illud
898 1206 977 1270 Gen.
990 1212 1024 1270 1:
1052 1208 1189 1289 viditque

264 1294 349 1359 Deus
371 1299 490 1371 cuncta,
513 1310 593 1371 quae
612 1292 739 1371 fecerat,
762 1297 794 1351 et
816 1296 903 1351 eraut
923 1289 1013 1354 valde
1035 1290 1134 1371 bona,
1157 1298 1191 1353 ut
1284 1338 1285 1343 η

266 1383 297 1439 et
321 1375 399 1440 illud
427 1374 562 1457 apostoli
586 1378 601 1437 1
631 1374 708 1436 Tim.
740 1375 775 1435 4:
830 1372 937 1437 Omnis
966 1379 1105 1457 creatura
1131 1374 1190 1437 Dei

265 1459 350 1522 bona
378 1462 443 1534 est)
475 1456 589 1521 efficiat
616 1475 739 1538 quoque
765 1474 877 1536 vanas,
905 1456 1033 1524 sumitur
1060 1476 1099 1523 ax
1133 1458 1188 1520 illo

265 1542 402 1623 apostoli
422 1542 513 1606 Rom.
535 1540 570 1603 8:
612 1539 748 1601 Vanitati
782 1540 862 1601 enim
892 1544 1031 1603 creatura
1052 1540 1190 1604 subiecta

265 1633 398 1691 estnon
427 1624 547 1686 voleus.
598 1620 667 1699 Quo
689 1622 856 1685 manifeste
885 1628 988 1703 patet,
1016 1622 1099 1701 quod
1122 1625 1189 1689 sine

265 1710 342 1779 uitio
355 1714 462 1772 saoet
475 1706 649 1771 extrinsece
667 1704 722 1767 fiat
742 1704 834 1783 mala,
857 1724 953 1783 vana,
976 1707 1086 1785 noxia,
1107 1705 1189 1787 quod
1284 1746 1292 1755 -
1379 1686 1380 1695 ἵ

266 1792 418 1872 opinione
448 1796 480 1851 et
506 1807 637 1851 erronea
667 1789 897 1867 aestimatione,
932 1806 986 1849 seu
1019 1808 1124 1856 amoro
1158 1796 1190 1856 et

266 1874 412 1937 fruitione
433 1891 587 1954 perversa,
608 1876 767 1953 reputatur
781 1870 871 1934 altius
888 1869 926 1933 ab
939 1871 1074 1949 homine,
1097 1891 1187 1955 quam

266 1964 315 2026 ast
340 1959 372 2017 in
402 1956 539 2020 veritate.
582 1953 633 2016 Sic
661 1956 689 2015 si
713 1954 840 2017 foenum
866 1954 897 2016 in
928 1952 1028 2015 cibum
1055 1956 1188 2039 hominis

264 2044 532 2122 praesumeretur²
551 2036 672 2119 dignius
692 2036 874 2114 haberetur,
897 2056 987 2117 quam
1012 2043 1066 2100 est.

566 2154 834 2218 corollarium
860 2154 896 2216 ΙΙ.
1014 2174 1017 2181 ’

306 2290 320 2299 ’·
352 2273 468 2338 Carnis·
481 2273 606 2334 nomine
627 2271 736 2332 dicitur
750 2271 846 2340 homo
860 2278 959 2352 vetus,
981 2289 1043 2333 non
1060 2279 1189 2348 tantum,

267 2365 421 2440 quatenus
436 2353 473 2436 *J
511 2355 645 2416 sensuali
681 2355 931 2436 concupiscentia
961 2355 1095 2436 ducitur,
1134 2355 1188 2418 sed
1274 2352 1277 2362 ’

268 2442 411 2520 (etiamsi
425 2446 472 2499 est
483 2439 590 2518 iustus,
612 2443 724 2518 castus,
747 2439 965 2523 sapiens**)‚)
991 2441 1184 2523 quatenus⁸)

265 2545 329 2587 non
354 2543 396 2584 ex
416 2523 483 2584 Deo
505 2541 561 2604 per
582 2522 720 2601 spiritum
740 2522 920 2582 renascitur.

350 2602 454 2667 Homo
477 2612 563 2664 vetus
585 2623 657 2665 caro
681 2603 801 2680 dicitur,
824 2610 910 2684 patet
931 2623 970 2664 ex
981 2603 1036 2665 illo
1048 2603 1119 2666 Joh.
1130 2603 1187 2666 111:

266 2689 363 2768 Quod
384 2707 422 2748 ex
445 2705 537 2748 carne
558 2687 703 2764 nascitur,
724 2705 796 2747 caro
820 2691 875 2765 est,
898 2691 928 2747 et
950 2685 1018 2749 Gal.
1041 2687 1084 2746 V:
1108 2683 1187 2750 (lars

266 2771 462 2852 concupiscit
484 2769 631 2831 adversus
655 2764 808 2850 spiritum3
829 2769 984 2832 Rom.'V:
1032 2769 1189 2852 Sapientia

266 2856 369 2917 carnis
390 2853 515 2914 inimica
529 2860 577 2913 est
593 2853 670 2917 Deo.
702 2851 751 2911 Ex
772 2851 827 2913 illo
844 2857 957 2931 autem,
979 2852 1062 2932 qnod
1074 2853 1188 2932 lohan-

266 2959 322 3013 nes
347 2936 517 3016 subiungit:
558 2933 602 2996 m·
620 2933 702 3015 quod
725 2941 830 3004 natum
852 2941 900 2994 est
923 2954 961 2996 ex
983 2937 1106 3016 spiritu,
1130 2939 1188 3018 spi-

266 3024 342 3087 ritus
376 3027 441 3097 est,
475 3024 562 3100 patet
588 3025 688 3079 totum
715 3014 921 3079 corollarium.
963 3017 1041 3102 Nisi!
1059 3021 1127 3100 quis
1150 3039 1189 3080 ex

158 3126 159 3130 ’
267 3105 378 3185 spiritu
392 3108 516 3167 renatus
538 3101 579 3160 sit
602 3099 654 3180 (fit
674 3099 860 3180 quandoque
882 3119 987 3168 coram
1002 3116 1036 3162 sc
1050 3103 1188 3165 athomi-

267 3187 359 3248 nibus
380 3186 487 3262 iustus,
509 3190 621 3258 castus,
645 3185 788 3262 sapiens)
813 3202 884 3245 caro
897 3191 953 3264 est,
977 3185 1109 3246 carnalis
1131 3189 1188 3264 est,

267 3276 358 3332 vetus
388 3268 482 3330 homo
511 3273 566 3328 est.
610 3265 722 3327 Omnia
742 3265 826 3327 bona
853 3273 939 3328 extra
961 3268 1061 3330 Deum
1089 3269 1188 3330 carnis

266 3359 350 3431 sunt,
371 3350 442 3412 sola
462 3349 546 3417 bona
565 3350 702 3413 increata
721 3350 845 3429 spiritus
867 3357 946 3420 sunt
979 3350 1187 3432 Augustinus:

269 3437 337 3506 sine
358 3436 428 3514 ipsa
448 3451 522 3496 vero
546 3433 698 3511 (loquitur
719 3431 759 3504 dns
779 3430 850 3512 fide,
874 3452 954 3514 quae
975 3453 1030 3512 par
1052 3432 1188 3498 dileetio·

263 3537 341 3584 nem
362 3520 522 3597 operatur)
552 3516 645 3580 etiam
667 3533 746 3593 quae
767 3514 909 3584 videntur
935 3515 1019 3578 bona
1041 3534 1138 3594 opera
1156 3517 1189 3579 in

269 3606 401 3681 peccata
422 3604 587 3670 vertentur.
977 3645 979 3652 ,

323 3748 355 3811 ¹¹)
385 3747 439 3799 Pro
458 3752 636 3814 qnatenus
654 3745 769 3818 legitur:
790 3752 854 3820 quia
871 3752 900 3802 in
919 3750 1006 3806 Tam·
1020 3750 1039 3802 I.
1060 3751 1188 3804 Wittenb.

271 3834 322 3870 nec
340 3833 399 3871 non
416 3819 446 3870 iu
465 3817 610 3873 Thesibns.

309 3889 374 3958 -⁸‘)
386 3888 505 3942 ln'l'om.
515 3889 622 3943 lWitt.
640 3893 706 3945 otiu
720 3893 803 3945 Thes.
817 3891 951 3949 rerbasio
961 3891 1060 3945 fluunt:
1081 3895 1189 3948 etiamsi

273 3966 315 4014 est
332 3965 442 4031 castus,
460 3963 588 4046 sapiens,
606 3964 706 4017 iustus.
