3075 4750
495 417 615 492 epistola
632 417 667 475 ad
685 417 829 478 Alteram
848 418 967 491 archiep·
1126 417 1190 486 283

350 574 378 635 Ο
395 573 479 635 Deus
492 573 617 653 optime,
640 574 685 650 sic
702 572 880 638 erudiuntur
894 573 1016 634 animae
1029 574 1089 634 tuis
1099 575 1189 654 curis,

267 658 386 740 optime
407 654 514 734 Pater,
542 657 725 717 commissae
747 655 787 718 ad
808 662 955 736 mortem,
984 663 1016 717 et
1041 655 1076 718 fit
1096 662 1189 739 atque

267 743 379 802 crescit
401 739 563 800 durissima
582 740 661 801 ratio
684 739 738 801 tibi
760 738 918 800 reddenda
936 759 1029 822 super
1047 739 1189 803 omnibus

265 825 344 886 istis.
385 821 503 899 Idcirco
524 828 627 883 tacere
648 822 726 884 haec
746 823 877 905 amplius
898 843 960 888 non
991 825 1095 904 potui,
1124 843 1189 886 non

267 908 349 971 enim
378 905 413 968 fit
440 906 534 968 homo
563 924 619 988 per
646 905 741 968 ullum
770 925 879 967 munus
901 907 1040 986 episcopi
1062 925 1188 971 securus

267 989 305 1051 de
339 989 454 1068 salute,
483 1008 552 1049 cum
581 1007 640 1048 nec
669 1008 724 1070 per
749 990 879 1070 gratiam
899 989 957 1050 Dei
984 989 1114 1050 infusam
1136 989 1190 1057 fia

267 1091 404 1150 securus,
428 1069 482 1132 sed
504 1091 628 1152 semper
648 1071 679 1132 in
702 1071 812 1134 timore
834 1077 865 1132 et
886 1078 1019 1133 tremore
1035 1071 1120 1135 iubet
1131 1091 1189 1134 nos

267 1153 390 1241 operari
420 1154 551 1218 salutem
581 1160 718 1215 nostram
748 1154 969 1239 apostolus‘)
1017 1153 1058 1216 Et
1082 1157 1189 1235 iustus,

266 1238 366 1320 inquit
375 1237 482 1298 Petrus
494 1231 526 1320 Ψ)
540 1238 592 1296 vix
605 1237 772 1298 salvabitur
784 1239 853 1315 **).
874 1237 1015 1318 Denique
1030 1244 1091 1299 tam
1104 1246 1189 1304 arcta

268 1328 316 1382 est
337 1321 398 1400 via,
421 1339 501 1400 quae
523 1319 607 1380 ducit
629 1319 668 1380 ad
690 1321 795 1400 vitam,
816 1327 850 1380 ut
871 1320 1021 1381 Dominus
1042 1340 1099 1401 per
1119 1341 1188 1402 pro

265 1403 377 1486 phetas
400 1404 496 1464 Amos
517 1409 548 1464 et
567 1402 746 1464 Zachariam
777 1402 943 1463 salvandos
972 1403 1109 1483 appellet
1129 1411 1189 1466 tor·

264 1507 315 1550 res
336 1493 443 1569 raptos
467 1485 505 1546 de
514 1485 682 1564 incendio,
706 1492 737 1548 et
757 1485 870 1565 ubique
891 1485 1041 1546 Dominus
1063 1485 1189 1550 difficul·
1284 1517 1289 1528 1

265 1571 360 1632 iatem
385 1567 491 1630 salutis
514 1567 687 1631 denunciet.
990 1597 997 1610 ·

349 1651 448 1729 Curi)
479 1669 553 1732 ergo
586 1671 642 1732 per
667 1649 736 1711 illas
765 1649 859 1711 falsas
889 1652 1049 1712 veniarum
1070 1651 1189 1714 fabulas

267 1739 297 1796 et
319 1733 542 1816 promissiones
562 1733 792 1816 praedicatores
822 1733 966 1810 earumss)
1000 1735 1116 1795 faciunt
1136 1755 1190 1816 po·

264 1817 371 1899 pulum
395 1836 535 1880 securum
566 1822 597 1877 et
626 1818 693 1882 sine
724 1816 855 1878 timore?
881 1837 950 1878 cum
978 1817 1190 1898 indulgentiae

264 1919 391 1982 prorsus
419 1899 494 1960 nihil
520 1898 594 1962 boni
623 1899 784 1962 conferant
809 1899 969 1963 animabus
998 1899 1189 1965 adsalutem

264 1990 320 2044 aut
342 1984 547 2061 sanctitatem,
570 1981 624 2043 sed
646 1981 861 2043 tantummodo
896 2003 1007 2044 oenam
1020 1990 1189 2063 externam,

265 2065 338 2126 olim
364 2067 514 2126 canonice
535 2065 652 2146 imponi
675 2064 809 2144 solitam,
832 2003 980 2126 audierant.

347 2147 490 2228 Denique
508 2167 603 2228 opera
622 2148 745 2226 pietatis
770 2154 802 2208 et
829 2149 964 2209 caritatis
993 2155 1064 2209 sunt
1090 2150 1121 2210 in
1143 2151 1187 2211 in-

263 2229 382 2291 linitum
418 2229 546 2291 meliora
576 2229 789 2314 indulgentiis,
822 2237 855 2292 et
886 2242 989 2291 tamen
1018 2231 1096 2292 haec
1123 2251 1187 2292 non

262 2320 349 2375 tanta
370 2332 487 2395 pompa
507 2332 565 2375 nec
587 2319 672 2377 tauto
693 2311 795 2375 studio
810 2313 998 2394 praedicant,
1014 2315 1078 2377 imo
1097 2310 1187 2397 prop-

264 2404 309 2458 ter
332 2396 440 2457 venias
461 2396 685 2479 praedicandas
706 2396 760 2461 illa
782 2403 896 2477 tacent,
917 2415 988 2459 cum
1002 2402 1105 2457 tamen
1124 2416 1187 2457 om-

261 2482 344 2540 nium
368 2479 584 2559 episcoporum
605 2480 666 2543 hoc
687 2480 727 2540 sit
758 2478 896 2541 officium
923 2480 1055 2560 primum
1083 2485 1115 2540 et
1137 2499 1185 2540 so-

262 2556 352 2640 lnm,
366 2568 400 2623 ut
420 2560 553 2643 populus
576 2561 769 2643 evangelium
794 2560 907 2641 discat,
932 2559 1003 2645 eti)
1027 2563 1187 2625 caritatem

265 2644 393 2722 Christi,
421 2663 571 2723 nusquam
601 2646 681 2704 enim
703 2645 854 2728 praecipit
864 2644 896 2726 ⁸)
929 2645 1066 2711 Christus
1088 2644 1186 2705 indul-

264 2726 436 2808 dulgentias
468 2726 676 2807 praedicarit)
722 2726 863 2801 Quantus
891 2746 965 2809 ergo
997 2726 1107 2789 horror
1130 2734 1187 2805 est,

264 2815 411 2889 quantum
433 2808 601 2890 periculum
624 2810 773 2899 episcopi,
796 2810 929 2875 sitaoito
947 2812 1110 2891 evangelio
1124 2830 1186 2873 non

264 2892 320 2953 nisi
352 2892 497 2971 strepitus
527 2890 784 2973 indulgentiarum
808 2894 964 2973 permittat
984 2894 1016 2952 in
1036 2893 1185 2974 populum

264 2994 350 3035 suum
364 2976 468 3057 spargi
478 2974 542 3053 ¹⁰),
556 2974 652 3035 ethes
669 2974 738 3058 plus
751 2982 854 3055 curet,
866 2994 957 3054 quam
970 2975 1186 3056 evangelium?

263 3076 368 3120 nonne
406 3055 489 3117 dicet
519 3056 580 3133 illis
619 3057 770 3118 Christus:
814 3056 961 3119 Colantes
992 3057 1122 3120 culicem
1156 3066 1187 3120 et

263 3140 429 3219 glutientes
452 3139 612 3201 camelum.
892 3205 901 3209 ,

342 3219 475 3283 Accedit
506 3221 546 3282 ad
571 3219 991 3305 h0011),.reverendissime
1025 3224 1115 3285 Pater
1152 3226 1184 3284 iu

263 3306 415 3387 Domino,
437 3304 519 3385 quod
546 3306 579 3385 in
598 3306 800 3370 instructione
820 3306 874 3367 illa
897 3307 1185 3387 commissariorum,

270 3432 336 3441 ——
598 3433 689 3440 0-—

298 3481 329 3549 4)
345 3479 428 3549 Apud
443 3479 476 3533 de
486 3480 527 3533 W.
540 3478 629 3532 deest:
647 3481 738 3549 inquit
747 3480 843 3532 Petrus
877 3481 910 3543 5)
923 3479 957 3534 de
967 3482 1022 3532 W.:
1034 3480 1183 3548 quomodo.

264 3550 295 3619 6)
321 3552 404 3622 Apud
431 3550 465 3605 de
484 3551 524 3601 W.
551 3551 652 3605 desunt
667 3550 818 3605 vocabula:
848 3550 1052 3621 praedicatores
1080 3566 1184 3605 earum.

264 3622 295 3690 7)
320 3623 354 3679 de
373 3624 430 3678 W.:
451 3627 543 3693 atque·
580 3621 613 3688 8)
633 3612 669 3680 dc
687 3622 744 3675 We
764 3623 848 3677 etiam
866 3624 1015 3691 praecepit
1049 3622 1081 3686 9)
1103 3622 1185 3692 Apud

264 3694 297 3747 ds
315 3696 356 3745 W.
374 3692 498 3747 additum
518 3694 633 3763 legitur:
654 3692 704 3747 sed
723 3692 908 3763 Evangelinm
919 3692 1097 3746 vehementer
1106 3707 1185 3761 prae·

263 3766 329 3897 pppit
338 3764 512 3891 lpraedicari.
551 3764 599 3845 10)
621 3763 704 3835 Apud
723 3763 757 3818 de
767 3765 810 3815 W.
831 3763 925 3817 deest:
948 3765 1052 3832 spargi.
1084 3762 1132 3831 11)
1151 3762 1185 3818 de

297 3852 321 3893 .:
360 3854 417 3893 aec.

315 3906 346 3977 ·)
366 3906 434 3963 Phil.
454 3907 479 3963 2.
520 3904 695 3973 *mtrem
715 3906 740 3961 2.
