3075 4750
359 473 422 541 192
678 476 827 531 Sermones
846 475 957 531 mmai

361 645 455 725 gique
488 643 668 723 hominique
697 644 827 725 Deoqns
858 645 1020 709 donarunt.
1063 644 1099 709 B.
1126 644 1278 726 Hierony·

359 748 427 788 mus
462 746 555 807 super
574 725 763 787 Matthaeum
784 727 932 807 denique,
967 726 1084 790 oblatio
1119 747 1279 789 musenim

358 810 596 890 intelligentiam
626 811 657 869 in
686 828 725 871 eo
754 812 849 872 totius
871 810 1026 890 qualitatis
1048 813 1219 891 expressit,
1248 812 1278 871 in

359 912 435 956 auro
455 912 577 972 regem,
610 893 642 952 in
665 893 753 953 thure
774 894 889 973 Deum,
922 894 953 954 in
975 894 1100 974 myrrha
1120 894 1279 956 hominem

358 974 552 1055 confitendo,
581 981 674 1054 atque
706 978 751 1037 ita
771 996 827 1057 per
849 978 1081 1039 venerationem
1102 996 1211 1040 eorum
1233 997 1279 1037 sa·

359 1059 506 1121 crementi
530 1060 630 1119 omnis
658 1068 873 1121 consummata
900 1067 947 1121 est
968 1061 1123 1140 cognitio,
1159 1061 1193 1120 in
1226 1060 1280 1121 ho·

239 1212 246 1225 Ι
359 1143 442 1203 mine
462 1142 580 1219 mortis,
599 1143 632 1201 in
653 1142 721 1203 Deo
742 1144 986 1222 resurrectionis,
1015 1144 1045 1203 in
1068 1162 1142 1224 rege
1164 1143 1281 1204 iudieii.

358 1224 430 1286 Alie
440 1225 778 1305 intelligentiasumitur
788 1246 828 1286 ex
839 1227 1004 1303 contrario,
1018 1226 1135 1287 scilieet
1145 1228 1178 1287 in
1192 1245 1280 1301 auro,

361 1315 395 1369 ut
415 1306 596 1385 ostendatur
617 1310 697 1389 regis
724 1310 880 1388 potentie,
913 1311 944 1369 in
974 1308 1061 1369 thure
1083 1309 1281 1370 saoerdotem

359 1410 502 1471 magnum
532 1390 703 1469 considera,
725 1393 756 1450 in
789 1392 913 1472 myrrha
934 1391 1121 1453 dominieam
1143 1392 1280 1472 sepultu-

361 1493 436 1535 ram.
480 1474 566 1535 Haeo
599 1482 701 1535 autem
722 1474 758 1535 B.
779 1474 913 1535 Hilarius
941 1475 1041 1535 solum
1064 1476 1095 1535 in
1118 1474 1209 1535 thure
1232 1474 1282 1537 de-

360 1563 523 1619 monstrat.
564 1557 650 1637 Alia,
683 1557 883 1646 imo·eadem
911 1576 978 1617 eum
1002 1558 1118 1637 prima,
1135 1558 1184 1625 ,B.
1207 1558 1283 1619 Gre-

360 1642 441 1721 gorii
460 1641 492 1700 in
512 1640 663 1701 Homilia:
686 1660 766 1719 eum,
789 1659 881 1720 quem
900 1640 983 1720 Magi
1005 1640 1149 1719 adorant,
1186 1643 1283 1701 stiam

360 1724 499 1804 mystiois
520 1723 695 1783 muneribus
716 1723 905 1803 praedioant,
948 1742 1024 1784 auro
1045 1743 1168 1804 regem,
1192 1725 1283 1785 thure

360 1807 470 1882 Deum,
494 1806 616 1885 myrrha
637 1806 813 1867 mortalem:
849 1825 955 1867 nurum
979 1806 1094 1886 quippe
1108 1806 1187 1887 Regi
1211 1826 1284 1868 oon-

360 1890 460 1969 gruit,
472 1888 545 1949 thus
567 1907 640 1951 vero
663 1890 695 1949 in
713 1888 864 1949 sacrificio
875 1890 933 1949 Dei
952 1890 1134 1968 ponebatur,
1156 1890 1285 1969 myrrha

360 1979 463 2033 antem
487 1979 676 2033 mortuorum
704 1991 836 2053 corpore
865 1972 1059 2035 condiuntur.
1102 1972 1163 2033 Sed
1187 1974 1284 2033 alium
1369 2022 1370 2033 ,

359 2054 442 2116 idem
462 2056 600 2133 sequitur
615 2057 688 2132 (suo
712 2074 798 2116 more
818 2055 1001 2116 moralizans
1022 2055 1166 2116 libentius
1189 2074 1282 2134 quam

360 2138 582 2218 allegorizans)
607 2139 673 2200 seil.
692 2139 723 2198 in
745 2157 819 2199 suro
843 2139 1035 2218 sapientiam,
1054 2139 1086 2197 in
1108 2138 1198 2199 thure
1216 2158 1283 2199 ora·
1369 2158 1370 2204 l

361 2223 486 2300 tionem,
508 2222 539 2281 in
562 2221 684 2302 myrrha
696 2223 796 2281 earnis
814 2220 1091 2283 mortifieationem.
1128 2220 1197 2281 Hae
1214 2224 1282 2283 viee

360 2306 489 2386 primam
510 2303 598 2365 illam.
617 2311 649 2364 et
667 2306 824 2384 antiquam
845 2303 1020 2366 videamus:
1044 2323 1174 2365 neeesse
1197 2307 1280 2365 enim
1369 2300 1370 2328 l

363 2396 426 2468 est,
449 2396 482 2449 nt
502 2394 534 2449 et
554 2407 612 2450 nos
633 2390 694 2448 ista
715 2389 862 2469 mysteria
883 2386 1089 2468 perficiamus.
1131 2388 1204 2449 Non
1231 2409 1282 2450 au·

358 2480 421 2534 tem
443 2491 501 2532 nos
526 2479 651 2552 oportet
670 2467 789 2546 aurum,
811 2470 891 2550 thus,
914 2470 1067 2552 myrrham
1082 2471 1203 2550 afferre,
1226 2472 1281 2532 sed

360 2556 565 2618 confessionis
589 2555 715 2635 triplicis
738 2554 938 2633 oblationem,
961 2555 980 2614 i.
1003 2554 1182 2622 e.aonfiteri
1195 2555 1280 2616 Chri·

360 2646 440 2698 stum
462 2657 531 2698 esse
553 2656 668 2718 regem,
691 2656 761 2697 esse
782 2638 891 2716 Deum,
915 2656 983 2697 esse
996 2638 1168 2698 mortalem.
1203 2638 1282 2699 Sunt

361 2723 453 2798 enim,
474 2727 508 2780 ut
528 2721 563 2783 B.
606 2719 773 2800 Gregorius
796 2723 847 2799 ait,
870 2722 921 2799 qui
944 2739 1013 2780 eum
1035 2721 1198 2782 mortalem
1217 2740 1282 2782 ere-

360 2804 451 2881 dunt,
474 2803 528 2862 s’ed
550 2822 612 2863 non
634 2822 755 2883 regem,
783 2804 834 2863 alii
855 2823 977 2884 regem,
1009 2803 1065 2864 sed
1087 2823 1149 2864 non
1169 2804 1282 2864 Deum.

359 2887 438 2946 Nam
460 2885 569 2946 ludaei
592 2893 744 2947 mortuum
767 2907 837 2948 eum
862 2906 930 2948 esse
953 2893 985 2946 et
1006 2887 1163 2948 hominem
1183 2887 1280 2948 fuisse

359 2968 554 3047 confitentur,
576 2969 631 3030 aed
654 2989 756 3049 neque
777 2989 892 3051 regem,
915 2989 1016 3049 neque
1033 2970 1149 3048 Deum,
1171 2970 1279 3030 haere-

362 3053 414 3112 tiei
426 3054 517 3112 etiam
529 3053 581 3113 alii
596 3054 705 3129 Deum,
725 3053 855 3114 sednon
877 3073 991 3134 regem,
1015 3053 1067 3114 alii
1088 3071 1204 3134 regem,
1224 3053 1280 3114 sed

360 3155 422 3196 non
433 3135 534 3196 Deum
558 3135 749 3197 confitentur.
793 3136 858 3196 Soli
879 3155 953 3196 vero
968 3136 1131 3198 Christiani
1154 3155 1225 3196 eum
1250 3144 1282 3197 et

360 3238 464 3300 regem
485 3226 517 3280 et
533 3219 632 3280 Deum
656 3225 688 3280 et
707 3219 864 3280 hominem
886 3217 1079 3298 confitentur,
1101 3237 1227 3299 passum
1251 3228 1284 3280 et

359 3311 522 3366 mortuum.
564 3303 685 3379 Verum
707 3308 739 3363 et
770 3302 848 3362 haee
869 3302 1022 3364 confessio
1047 3302 1209 3382 dupliciter
1232 3301 1282 3364 lit:

359 3386 491 3449 Primum
505 3391 711 3448 vocetantum
728 3387 794 3446 sine
810 3384 904 3446 eorde
926 3392 958 3448 et
981 3404 1085 3466 opere,
1107 3387 1187 3446 sieut
1206 3405 1283 3466 apo-

360 3471 456 3530 stolus
478 3471 522 3538 ait
536 3469 595 3531 Tit.
610 3474 644 3534 1:
679 3467 871 3530 Confitentur
891 3487 926 3528 se
948 3486 1042 3530 nosse
1059 3469 1169 3550 Deum,
1191 3469 1283 3534 fastis

251 3558 257 3567 ⁴
358 3562 461 3616 autem
477 3559 602 3634 negant,
624 3551 680 3613 sed
702 3553 807 3632 potius
829 3551 982 3631 sibiipsis
1005 3553 1115 3612 volunt
1138 3571 1209 3612 esse
1230 3553 1283 3614 Dii

359 3643 392 3697 et
406 3656 496 3718 reges
518 3644 550 3697 et
568 3636 725 3696 homines:
748 3633 884 3694 seeundo
907 3633 1020 3696 affeetu
1041 3643 1073 3696 et
1089 3653 1186 3715 opere
1198 3636 1283 3697 vitae

358 3721 462 3782 totius.
504 3720 598 3800 Igitur
617 3720 803 3779 istomodo
826 3716 979 3777 Christum
1002 3717 1103 3778 Deum
1130 3717 1284 3799 eonfiteri,

361 3808 408 3862 est
429 3804 533 3862 omnia
553 3802 636 3862 bona
655 3800 694 3861 ab
707 3802 776 3880 ipso
800 3806 928 3881 aeeepta
948 3798 1076 3861 reddere
1099 3809 1130 3862 et
1151 3803 1182 3861 in
1212 3822 1284 3864 eum

359 3884 486 3966 referre,
518 3903 580 3946 non
611 3885 683 3945 inde
709 3883 768 3946 sibi
788 3883 918 3964 gloriam
941 3901 1105 3965 quaerere,
1143 3903 1203 3946 nee
1226 3886 1285 3948 sibi
1367 3931 1368 3952 t
