3075 4750
349 501 413 570 310
656 512 665 528 '
739 505 897 562 Positionce

351 673 604 756 confirmentquc,
628 693 689 736 oon
713 676 814 737 sotum
835 695 893 756 pro
915 672 1089 754 haereticis,
1111 675 1279 737 sedetiam

350 759 485 821 habendi
509 765 583 820 sunt
601 777 657 839 pro
680 758 912 820 haeresiarchis.

433 841 491 922 37)
515 841 656 903 Docendi
685 851 756 901 sunt
783 841 964 919 Christiani,
998 842 1082 922 quod
1105 843 1281 923 'gignentes

351 943 449 987 novas
472 925 649 1004 opiniones,
672 925 845 984 catholicae
867 925 988 985 veritati
1011 926 1196 1004 contrarias,
1218 941 1281 1006 qno

351 1009 465 1069 habere
493 1009 616 1088 possint
643 1027 808 1086 sequaces,
841 1013 874 1068 et
894 1014 1060 1094 propterea
1081 1027 1101 1067 a
1122 1011 1281 1070 communi

351 1094 416 1169 via,
447 1099 505 1150 'sut
526 1091 653 1152 levitate
674 1097 727 1151 aut
748 1092 950 1172 perversitate
983 1090 1162 1168 discedunt,
1198 1092 1281 1170 qued

351 1194 391 1235 ex
420 1173 581 1253 superbia,
615 1192 695 1253 quae
726 1174 852 1253 proprie
882 1193 970 1235 amor
992 1180 1041 1235 est
1061 1175 1281 1252 excelientiae,

351 1257 507 1338 procedit,
539 1256 597 1318 etsi
625 1256 739 1316 nullius
772 1257 951 1336 temporalis
982 1258 1083 1337 gratia
1108 1258 1280 1318 commodi·

352 1340 423 1400 tatis
453 1327 631 1418 moventur,
663 1359 719 1418 pro
748 1339 913 1400 haereticis
949 1347 1052 1402 tamea
1081 1341 1151 1401 siue
1186 1341 1281 1404 dubio

352 1429 503 1484 tenentur.
552 1469 555 1478 ,
619 1441 625 1457 *

435 1507 493 1580 38)
518 1503 657 1564 Docendi
680 1510 751 1564 sunt
774 1504 950 1583 Christiani,
972 1505 1056 1584 quod
1071 1505 1282 1568 adhaerentes

243 1651 248 1658 .
352 1590 567 1670 magistrorum
590 1587 800 1667 opinionibus,
821 1589 983 1650 contrariis
1006 1588 1183 1652 catholicae
1205 1591 1281 1650 veri-

298 1715 300 1723 t
353 1674 418 1752 tati,
439 1671 637 1752 pertinaciter
659 1677 770 1748 errant,
793 1690 831 1731 ac
852 1671 983 1732 errando
1005 1678 1148 1754 peccant,
1172 1671 1280 1734 hacre-

353 1756 404 1815 tici
427 1772 552 1834 quoque
575 1753 722 1815 censendi
745 1754 883 1814 veniunt.

435 1836 493 1914 39)
517 1835 658 1897 Docendi
694 1843 765 1896 suut
786 1836 967 1914 Christiani,
1007 1836 1091 1916 quod
1122 1845 1278 1918 negantes

353 1937 567 2000 quamcunque
591 1918 752 1980 veritatem
775 1919 979 1998 catholicam,
1008 1938 1088 1999 quae
1109 1920 1195 2000 apud
1219 1941 1282 1982 om·

354 2022 409 2063 nes
431 1999 549 2077 fideles,
572 2019 641 2061 cum
663 2002 773 2080 quibus
795 2009 1036 2080 conversantur,
1060 2009 1210 2081 tanquam
1235 2023 1283 2064 ca-

353 2084 469 2146 tholica
490 2083 679 2169 divulgatur,
702 2092 733 2146 et
754 2105 774 2145 a
796 2086 1045 2166 praedicantibus
1070 2085 1199 2146 verbum
1223 2087 1282 2148 Dei

353 2166 475 2250 publice
503 2165 711 2248 praedicatur,
741 2168 773 2227 in
802 2187 905 2229 errore
933 2187 989 2229 suo
1011 2168 1190 2248 pertinaces
1212 2189 1283 2231 esse

354 2250 502 2311 dicantur.

435 2333 494 2411 40)
518 2332 658 2395 Docendi
687 2338 758 2394 suot
787 2331 968 2413 Christiani,
1007 2332 1091 2414 quod
1126 2342 1282 2416 negantes

354 2418 561 2495 assertiones,
583 2435 658 2496 quas
681 2418 781 2477 sciunt
803 2419 834 2476 in
857 2418 1005 2499 scriptura
1028 2417 1133 2477 divina
1156 2418 1208 2481 vel
1233 2438 1281 2479 ec

354 2501 468 2561 clesiae
489 2500 639 2561 contineri
661 2498 927 2581 determinatione,
950 2506 1022 2560 sunt
1041 2500 1073 2560 in
1085 2498 1210 2562 haeresi
1225 2520 1282 2562 sua

354 2601 410 2663 pro
433 2582 638 2663 pertinacibus
661 2582 817 2645 censendi.

437 2667 492 2743 41)
515 2664 656 2726 Docendi
678 2672 748 2726 sunt
770 2666 949 2745 Christiani,
980 2662 1063 2745 quod
1085 2683 1174 2725 suum
1198 2685 1280 2727 erro-

354 2767 419 2809 rem
440 2766 502 2808 non
526 2749 714 2829 corrigentes
741 2768 800 2809 nec
820 2747 1039 2828 emendantes,
1070 2750 1213 2827 quamvis
1236 2751 1282 2810 eis

354 2830 429 2911 ipsis
452 2850 538 2891 suum
561 2850 694 2891 errorem
718 2832 890 2892 catholicae
911 2830 1032 2892 verimti
1054 2828 1183 2893 obviare
1205 2830 1280 2913 iegi-

356 2914 429 2973 time
451 2914 490 2973 eit
512 2920 679 2992 ostensum,
702 2933 757 2995 pro
781 2913 1017 2977 contumacibus
1036 2914 1068 2973 in
1088 2933 1146 2983 sua
1157 2914 1281 2975 haeresi

356 3002 426 3055 sunt
447 2996 604 3058 censendi.
934 3065 942 3074 ,

438 3080 495 3155 42)
521 3078 754 3158 Docendiflsunt
766 3077 941 3161 Christiani,
964 3076 1107 3159 quodibi
1129 3098 1187 3159 pro
1213 3087 1280 3160 p'sr·

355 3159 505 3221 tinacibus
542 3162 573 3221 io
602 3182 657 3224 suo
680 3182 784 3224 errore
806 3169 877 3222 sunt
898 3159 1061 3239 censendi,
1098 3163 1150 3243 qui
1171 3170 1282 3225 contra

355 3242 448 3303 fidem
477 3242 660 3305 catholicam
694 3252 725 3305 et
747 3246 898 3305 ecciesiae
920 3244 1212 3305 determinationem
1234 3264 1280 3306 er-

353 3332 457 3389 rantes
479 3326 662 3389 correctioni
685 3334 716 3389 et
737 3327 946 3404 emendationi
967 3327 1059 3407 illius,
1081 3328 1167 3388 cuius
1187 3328 1280 3389 inter-

262 3430 265 3435 ·
357 3414 414 3489 est,
438 3429 471 3472 se
494 3409 644 3471 subiicere
667 3417 811 3471 recusant
832 3410 1053 3489 superbientes.
1086 3471 1089 3476 ,

430 3490 495 3575 ,43)
520 3492 659 3553 Docendi
682 3500 752 3553 sunt
775 3492 956 3573 Christiani,
993 3491 1076 3572 quod
1097 3491 1279 3573 reprehensi

355 3574 395 3636 de
415 3576 519 3655 aliquo
541 3583 647 3655 aperte
669 3582 778 3637 contra
800 3575 891 3647 fidem
915 3595 1027 3655 errore,
1050 3581 1280 3656 renuentesque

356 3657 395 3720 de
422 3660 551 3719 veritate
577 3660 748 3738 informari,
782 3662 853 3719 sunt
879 3661 909 3719 in
938 3678 1057 3738 errore,
1092 3677 1130 3739 ac
1154 3658 1278 3719 haeresi

366 3740 526 3802 uiusmodi
549 3742 612 3801 suis
633 3761 689 3821 pro
711 3742 919 3823 pertinacibus
944 3740 1150 3822 praedicandi.

437 3822 497 3908 44)
519 3824 659 3886 Docendi
681 3831 751 3885 sunt
767 3825 941 3902 Christiani,
964 3824 1046 3905 quod
1067 3830 1279 3904 protestantes

355 3906 456 3968 verbis
478 3904 639 3967 satiastis
661 3928 715 3968 seu
738 3910 874 3991 scriptis,
902 3908 1089 3969 assertiones
1111 3926 1183 3967 suas
1205 3907 1277 3967 hae-

354 3988 497 4051 reticales
518 4008 666 4051 revocare
687 3991 813 4054 minime
834 3990 931 4072 velle,
952 3992 978 4052 si
1000 3991 1093 4053 etiam
1114 3988 1178 4071 illi,
1201 4008 1277 4071 quo-

466 4272 478 4302 h
