3075 4750
349 453 391 522 74
673 457 822 513 Sermones
841 453 952 520 lutheri

351 626 406 706 lit,
426 631 460 690 ut
481 625 612 690 oslidum
631 643 700 686 cum
721 623 844 707 frigido,
862 623 968 688 elbum
988 644 1057 686 cum
1075 625 1176 707 nigro,
1198 623 1272 687 divi·

352 712 415 774 tine
437 730 506 772 cnm
527 715 724 790 paupertate,
753 728 863 770 senum
885 728 955 770 cum
976 728 1071 807 aegro
1094 708 1272 788 contendet,

353 802 386 858 et
408 794 508 855 solum
532 812 570 854 eo
593 790 722 854 alterum
744 792 853 852 dicitur
873 792 945 871 tole,
967 794 1041 872 quie
1059 793 1271 874 imperfectum

351 883 401 940 est
422 876 461 939 sd
484 875 584 955 eliud,
605 875 675 938 ideo
698 881 790 936 voest
791 895 825 935 ur
847 875 926 953 isle,
954 876 1029 955 quie
1047 875 1082 937 fit
1102 877 1164 938 tole
1186 895 1271 938 ever·

355 979 421 1020 eum
445 958 484 1020 sb
507 978 586 1038 uno,
616 978 800 1020 conversum
826 958 866 1020 sd
891 959 984 1020 eliud.
1027 958 1078 1020 Sic
1098 961 1196 1021 iustus
1217 978 1272 1021 vo·

357 1047 461 1121 cetur,
496 1062 559 1104 non
581 1043 633 1123 qni
663 1050 724 1122 est,
698 1041 814 1103 tsed
835 1041 955 1122 quilit,
930 1042 1158 1104 tsecundum
1186 1041 1272 1120 illud,

354 1127 451 1186 iustus
482 1124 663 1188 iustificetur
696 1088 806 1186 adhuc.
853 1125 931 1186 Nem
961 1127 1062 1186 omnis
1094 1132 1197 1188 motus
1224 1089 1274 1186 esl

351 1209 494 1289 partim
486 1229 516 1268 m
540 1210 670 1293 termino
693 1228 713 1269 a
734 1227 813 1289 quo,
847 1216 878 1269 et
906 1210 1018 1288 partim
1047 1208 1087 1269 cd
1108 1210 1272 1270 terminum

351 1289 391 1352 ed
413 1310 519 1372 quem,
549 1271 627 1352 sicdt
654 1311 747 1374 aeger
776 1290 931 1354 sonandus
959 1293 1057 1353 estin
1079 1291 1273 1389 aegritudine

352 1374 544 1454 recedendo,
574 1376 666 1435 sed
658 1396 689 1436 m
720 1376 852 1436 sanitate
880 1374 1075 1453 secedendo,
1103 1377 1148 1438 sic
1174 1376 1273 1437 iustus

352 1477 475 1538 semper
496 1461 572 1520 est
564 1479 595 1518 111
618 1464 748 1538 peccato
769 1457 852 1538 pede
878 1459 1002 1518 sinistro
1031 1465 1062 1519 et
1086 1465 1192 1520 vetere
1217 1457 1273 1518 ho·

353 1543 446 1620 mine,
468 1543 528 1602 et
520 1563 552 1603 m
565 1543 664 1628 gretie
685 1541 765 1622 pede
786 1541 936 1620 dextro,'
928 1562 948 1602 ι.
970 1560 998 1606 e
1020 1561 1103 1603 novo
1124 1541 1271 1603 homine:

352 1626 396 1686 its
418 1644 541 1704 quoque
563 1626 622 1685 et
614 1646 643 1684 m
668 1626 778 1686 timore
798 1624 908 1686 inferni
931 1624 1045 1702 servili,
1066 1631 1098 1685 et
1117 1625 1274 1686 intimore.

352 1708 411 1770 Dei
439 1716 548 1769 sancto
577 1708 676 1769 simul
719 1707 839 1786 Quare,
873 1706 997 1803 quondo
1031 1707 1153 1786 dicitur,
1188 1706 1273 1787 qnod

355 1791 408 1868 qui
430 1792 518 1852 timet
544 1791 695 1852 infernum
717 1789 919 1852 descendet
910 1810 942 1849 111
969 1809 1057 1868 eum,
1090 1790 1273 1872 intelligitur

355 1873 394 1934 de
417 1892 465 1951 eo,
488 1875 539 1952 qui
562 1893 638 1954 pure
653 1874 803 1935 serviliter
823 1874 911 1933 timet
931 1879 962 1934 et
983 1874 1059 1934 nihil
1080 1873 1172 1936 eliud.
1214 1873 1273 1934 Te·

356 1957 395 2017 lis
418 1963 519 2018 eutem
543 1963 591 2018 est
614 1958 731 2036 omnis,
760 1958 812 2036 qui
838 1963 926 2016 extre
945 1957 1076 2037 gretiam
1097 1963 1160 2034 est,
1192 1976 1274 2037 quse
1385 1998 1386 2011 ι

355 2039 424 2100 sols
444 2039 552 2119 incipit
572 2040 712 2101 timorem
734 2046 873 2100 senctum
895 2046 927 2100 et
947 2040 1089 2100 servilem
1102 2040 1185 2101 forse
1206 2041 1274 2100 mit·
1385 2054 1386 2119 j

355 2131 429 2184 tere.
472 2121 572 2202 Sicut,
603 2122 655 2202 qui
676 2142 739 2184 non
761 2122 859 2184 credit
878 2121 1110 2198 condemnetur,
1130 2121 1274 2203 intelligi·
1385 2162 1386 2165 =

356 2213 404 2266 tur
423 2204 462 2265 de
484 2224 534 2284 eo,
554 2207 606 2284 qui
628 2225 753 2287 prorsus
775 2225 838 2268 non
860 2205 967 2284 credit,
987 2169 1125 2302 nlioquili
1146 2213 1180 2267 et
1200 2225 1276 2285 spo

358 2287 447 2350 stolis
469 2287 544 2350 dicit
531 2288 702 2365 tOhristus,
723 2308 787 2350 non
809 2288 943 2367 creditis,
965 2289 1037 2367 quie
1058 2308 1118 2387 ego
1139 2290 1169 2348 in
1182 2289 1276 2349 Patre

357 2380 389 2435 et
411 2372 537 2433 Peter
528 2394 559 2433 ιιι
589 2392 639 2435 me
660 2380 722 2450 est,
751 2379 783 2435 et
802 2372 930 2451 iterum,
961 2369 1118 2434 creditis
1109 2393 1142 2433 ιιι
1162 2372 1275 2450 Deum,

356 2456 416 2517 et
408 2476 439 2517 m
461 2475 511 2517 me
532 2455 663 2534 credite,
692 2455 826 2536 denique
848 2456 992 2517 dixerunt
979 2455 1163 2535 senlenge
1184 2454 1276 2517 uobis
1337 2516 1342 2522 ,

355 2538 464 2618 fidem,
498 2545 696 2620 augmentum
725 2539 845 2601 scilicet
832 2544 998 2619 tcoeptse
1023 2537 1096 2600 fidei
1122 2546 1276 2618 petentes.

355 2622 424 2701 Ego
447 2628 549 2683 eutem
572 2623 708 2703 optimus
731 2621 896 2702 theologus
919 2640 987 2681 cum
1008 2621 1119 2702 phono,
1139 2622 1160 2681 i.
1182 2640 1210 2682 e.
1232 2622 1275 2682 in-

357 2710 518 2765 stentenec
545 2705 699 2767 infusione
727 2705 846 2785 gratiae
874 2710 906 2765 et
933 2704 1117 2783 expulsione
1144 2705 1277 2785 peccati,

357 2787 496 2849 intellexi
519 2786 616 2863 dicte,
648 2788 766 2848 scilicet
788 2788 860 2866 quis
881 2793 979 2849 totum
1002 2793 1164 2867 peccatum
1185 2787 1277 2847 simul

251 2916 257 2921 -
360 2886 485 2950 prorsus
509 2870 729 2950 expelleretur,
758 2876 887 2950 totaque
906 2870 996 2931 simul
1017 2871 1118 2951 gretie
1136 2870 1277 2931 infunde-

356 2958 451 3031 retur,
472 2959 505 3013 ιιι
516 2954 608 3035 etiem
622 2952 761 3015 nonnulli
776 2954 1056 3035 metaphysiccntes
1067 2954 1171 3032 potius
1184 2972 1276 3031 quem

357 3036 604 3117 theologizentes
626 3036 731 3116 dieunt
736 3038 898 3117 ,gratim
920 3035 1087 3097 secundum
1110 3037 1276 3097 essentism

358 3138 446 3180 suem
472 3126 568 3180 totam
589 3102 723 3198 infundi,
745 3119 820 3180 nihil
841 3118 881 3181 de
901 3138 995 3179 sensu
1016 3116 1157 3198 disputo,
1182 3118 1279 3181 verbe

360 3208 432 3263 sunt
454 3203 587 3282 pessime
608 3204 761 3263 sonantis
805 3201 856 3263 sio
878 3202 959 3263 enim
981 3221 1101 3282 sapere,
1123 3202 1183 3266 boc
1204 3201 1279 3281 quid

362 3291 409 3346 est
429 3284 531 3364 eliud,
553 3304 643 3365 quem
667 3285 945 3366 desperationem
937 3304 1106 3363 incurrere,
1128 3293 1162 3345 et
1179 3284 1278 3345 inteli-

358 3388 426 3429 oem
439 3368 659 3432 conscientiam
674 3369 854 3448 inquietare.
898 3367 949 3429 Sic
965 3368 1047 3428 enim
1061 3374 1094 3428 et
1105 3387 1165 3449 ego
1178 3386 1279 3448 prope

359 3451 397 3513 de
420 3452 488 3513 Deo
512 3457 544 3513 et
565 3450 708 3531 quicquid
729 3452 798 3531 ipse
819 3456 867 3511 est
887 3458 919 3512 et
939 3450 1034 3512 habet
1054 3450 1227 3531 despernvi.

441 3534 503 3595 Alii
524 3534 629 3613 itoque
651 3540 682 3595 et
704 3534 803 3612 quenti
824 3540 904 3611 sunt,
926 3534 978 3613 qni
999 3535 1140 3613 necipse
1150 3540 1279 3594 selerne

359 3619 468 3678 timent
499 3636 624 3697 prorsus
657 3617 857 3679 vehementer
882 3617 914 3676 in
948 3618 1075 3677 ceritste
1103 3616 1278 3693 confortati,

359 3720 489 3780 quorum
512 3700 603 3761 timor
626 3707 674 3761 est
694 3707 829 3777 sanctus,
851 3718 912 3779 quo
931 3699 1033 3759 solum
1045 3699 1145 3760 Deum
1160 3700 1277 3763 timent.

359 3783 477 3863 Atque,
507 3789 540 3843 ιιι
565 3782 645 3862 dixi,
672 3782 885 3863 apostolorum
913 3788 1010 3843 status
1036 3784 1134 3864 msgis
1156 3784 1277 3862 privile-

349 3867 425 3945 gio,
459 3885 549 3945 quem
572 3886 627 3926 usu
650 3867 708 3926 iste
729 3872 778 3926 est
798 3884 965 3927 concessus
985 3866 1195 3946 paucissimis,
1222 3886 1278 3945 po-

360 3950 482 4028 tiusque
503 3948 593 4010 nobis
616 3956 757 4011 ostensus
781 3948 821 4010 ed
842 3954 972 4028 motem,
994 3966 1087 4029 quem
1108 3949 1277 4030 opprehen·
