3075 4750
1109 291 1324 298 -vW————

613 520 638 565 s.
657 484 843 567 'insanis
1123 509 1185 577 125

262 677 386 738 modico
405 678 605 758 angustiatur,
627 680 679 758 qui
696 677 870 740 irs-inlicitis
885 679 1076 741 iucundstur.
1102 679 1184 740 Non-

262 762 338 839 nisi,
371 761 447 839 quia
477 760 520 822 ibi
548 763 611 841 sui,
639 763 692 821 hie
716 763 800 823 Deus
833 764 898 823 eius
928 769 1107 842 procurator
1129 771 1184 826 est

261 843 382 904 Idcirco
401 843 506 903 nullus
528 852 584 923 est,
613 847 663 924 qui
686 845 762 906 velit
783 865 878 914 unum
903 845 984 906 diem
1005 865 1109 906 curem
1138 847 1185 906 sci

262 926 388 1002 habore,
411 928 437 986 si
458 934 543 988 recte
564 927 744 1007 confideret,
766 946 838 988 nam
855 935 886 990 et
901 929 994 1007 Deus,
1017 936 1050 989 ut
1062 928 1183 1009 probet,

262 1028 355 1088 quam
376 1008 512 1071 fideliter
540 1013 637 1071 nostri
672 1031 777 1072 curam
805 1019 879 1092 agat
906 1013 937 1071 in
959 1011 1086 1072 infinitis
1106 1015 1184 1092 peri·

262 1094 349 1171 culis,
372 1111 453 1171 quae
481 1110 545 1154 nou
577 1095 732 1173 videmus,
762 1095 835 1154 sinit
868 1094 999 1174 aliquid,
1032 1115 1126 1155 unum
1154 1101 1186 1156 et

261 1175 422 1237 modicum
454 1177 640 1238 sensibiliter
665 1174 797 1256 venire,'
813 1180 900 1257 qussi
921 1178 1060 1238 diceretr
1092 1178 1184 1258 Eece,

262 1278 323 1340 ego
347 1266 380 1319 te
402 1261 434 1319 in
454 1259 582 1319 infinitis
604 1280 687 1341 euro,
715 1261 891 1338 videamus,
923 1280 996 1321 cura
1023 1261 1132 1322 saltem
1153 1264 1185 1322 in

261 1342 322 1402 hoc
338 1361 402 1402 uno
424 1349 455 1402 te
478 1344 588 1423 ipsum,
611 1344 781 1422 videamus,
804 1344 876 1423 quid
892 1346 991 1424 possit
1008 1344 1182 1406 sollicitudo

233 1420 238 1426 ’
261 1433 323 1503 tus,
346 1432 381 1484 ut
401 1426 492 1488 Dent.
514 1428 570 1488 22:
592 1427 652 1489 Ubi
673 1434 745 1486 sunt
758 1424 951 1506 Diipquibus
972 1428 1183 1509 immolabant,

260 1514 390 1588 surgent
411 1515 444 1569 et
460 1508 650 1588 opitulenter
669 1510 773 1588 vobis,
802 1516 834 1570 et
861 1512 891 1569 in
914 1511 1099 1571 necessitate
1126 1530 1183 1572 vos

260 1598 436 1672 protegunt,
453 1591 558 1652 videte
579 1612 665 1674 ergo,
692 1594 773 1673 quia·
787 1611 846 1674 ego
874 1611 941 1652 sum
969 1593 1063 1656 solus.
1105 1594 1183 1656 Cum

262 1693 338 1755 ergo
362 1693 426 1735 nou
447 1676 549 1754 possit
568 1677 600 1736 in
622 1677 683 1736 hoc
702 1695 765 1737 uno
789 1695 957 1756 securene,
980 1676 1107 1738 deberet
1118 1697 1184 1738 sur·

261 1775 329 1817 sum
351 1775 408 1818 oor
430 1758 535 1818 levare
558 1767 590 1819 et
609 1759 729 1820 dicere:
752 1758 820 1819 Heu
839 1759 972 1820 Domine
992 1759 1087 1841 Deus,
1109 1779 1185 1822 cura

261 1848 303 1921 tn,
325 1839 478 1924 sollicitos
500 1843 542 1901 sis
564 1850 596 1902 tn
610 1861 666 1923 pro
688 1862 753 1920 me;
776 1841 1013 1922 quiescerem,
1036 1846 1184 1905 siomni‘a
1243 1897 1254 1922 χ

259 1924 401 2003 pericula
420 1943 491 1984 mea
511 1924 673 1986 viderem?
695 1945 765 1985 cum
787 1926 861 1984 mihi
882 1925 944 1986 hoc
957 1945 1051 1988 unum
1064 1935 1182 1990 tantem

260 2007 437 2088 angustiam
459 2007 562 2068 sciat.
604 2009 673 2068 Hoc
696 2016 753 2087 cst7
777 2007 861 2087 quod
883 2009 1034 2071 Dominus
1060 2011 1091 2070 in
1122 2012 1182 2072 isto

260 2090 427 2170 evangelio
454 2089 584 2170 clamat,
616 2094 689 2171 quia
713 2093 744 2150 in
776 2091 900 2152 modico
926 2112 992 2152 non
1019 2093 1182 2175 credimus,

260 2191 363 2251 neque
386 2175 606 2234 committimus
627 2193 687 2235 nos
703 2177 754 2252 ei,
784 2175 833 2234 cui
847 2181 950 2235 temen
974 2177 1066 2236 etiam
1093 2179 1182 2258 iguo·

259 2263 364 2315 rantes
387 2258 593 2318 commendati
615 2277 729 2336 sumus,
752 2259 784 2316 in
806 2258 953 2337 plurimis,
983 2265 1016 2320 et
1034 2278 1091 2338 pro
1113 2261 1180 2320 istis

259 2339 401 2419 plurimis
432 2338 494 2401 nou
528 2347 647 2403 tontum
675 2360 737 2402 non
760 2343 881 2421 agimus
913 2343 1042 2422 gratiss,
1078 2361 1179 2423 neque

260 2422 418 2483 modicum
442 2423 519 2485 illud
546 2427 574 2485 ei
589 2423 873 2504 commendamus,
907 2424 962 2487 sed
991 2444 1083 2505 super
1103 2427 1179 2487 illud

260 2526 331 2565 eum
360 2505 556 2568 offendimus.
597 2508 683 2568 Nam
702 2526 803 2586 aeque
836 2508 935 2568 securi
972 2526 1109 2568 essemus
1147 2511 1179 2571 iu

259 2590 327 2649 istis
357 2591 587 2669 apparentibus·
607 2590 753 2671 periculis
782 2595 813 2650 et
841 2592 936 2670 curis,
968 2593 1047 2651 siout
1073 2610 1180 2653 sumus

258 2672 290 2731 io
321 2674 488 2753 ignoratis,
520 2676 546 2733 si
574 2675 606 2734 ei
635 2672 768 2734 fideliter
795 2672 1028 2735 confideremus.
1070 2674 1180 2737 Erudit

259 2774 335 2835 ergo
358 2775 417 2815 nos
438 2747 567 2817 modicis
587 2757 731 2837 periculis
754 2775 792 2817 ac
812 2766 972 2837 provocet,
1000 2765 1034 2819 ut
1054 2759 1086 2818 in
1109 2778 1178 2820 eum

259 2838 464 2914 confidamus,
483 2860 543 2901 nos
565 2847 668 2901 autem
689 2840 729 2900 sd
751 2846 888 2901 nostrum
911 2860 1015 2902 curam
1036 2842 1178 2923 fugimus,

259 2940 299 2981 ex
321 2921 413 2982 noluis
435 2923 566 2985 salutem
586 2924 776 3003 quaerimus,
809 2942 845 2983 sc
872 2925 916 2983 sic
943 2924 1060 2985 idolum
1083 2926 1178 2987 effici-

259 3024 327 3065 mur
347 3012 381 3065 et
400 3010 521 3087 magnis
542 3006 682 3067 crucibus
698 3024 856 3086 vexamur,
879 3008 951 3086 quis
967 3008 1043 3069 nihil
1061 3010 1177 3071 inveni-

259 3108 326 3148 mus
349 3096 521 3171 ettamen,
548 3096 713 3170 postquam
740 3090 861 3149 transiit
883 3092 1067 3172 periculum,
1085 3094 1180 3173 ‘quasi

260 3175 368 3232 nostra
395 3192 470 3233 curo
498 3180 676 3253 superatum
710 3173 764 3250 sit,
791 3175 956 3253 gestimus,
985 3194 1044 3235 nee
1063 3180 1180 3257 gratias

258 3257 380 3335 sgimm
406 3275 465 3315 nec
492 3257 654 3318 erudimur.
703 3255 839 3317 Deberet
870 3258 951 3318 enim
983 3258 1077 3319 homo
1099 3261 1181 3322 inire

258 3357 292 3398 se
313 3340 360 3399 ire
379 3345 415 3398 et
435 3342 573 3421 cogitare
602 3340 679 3401 sicut
707 3338 784 3399 dixi:
815 3340 874 3401 Eia
894 3342 995 3422 Deus,
1032 3350 1178 3421 quantem

257 3423 432 3502 angustiam
452 3423 526 3487 facit
545 3423 620 3483 mihi
641 3424 701 3483 ista
722 3422 897 3484 sollicitudo
919 3428 1002 3487 mea!
1036 3426 1109 3504 quid
1136 3428 1178 3487 la

258 3511 364 3565 serent
384 3505 456 3584 alis,
489 3524 570 3585 quse
590 3525 654 3567 non
675 3505 789 3566 video?
844 3508 909 3567 lmo
933 3508 1006 3588 quid
1029 3508 1179 3589 fecerent,

156 3621 157 3638 ι
258 3589 283 3646 si
303 3594 456 3668 perpetuo
478 3591 510 3649 in
531 3591 591 3651 ista
612 3607 686 3649 cura
707 3608 777 3651 esse
798 3589 968 3667 deberent?
989 3590 1059 3651 Non
1084 3591 1176 3654 video

227 3662 349 3748 ‘quam
377 3691 451 3731 vers
486 3679 517 3733 te
550 3672 741 3753 appellemus
768 3681 888 3754 petrem
920 3681 1072 3763 nostrum,
1105 3678 1178 3753 quia

259 3754 316 3812 nisi
337 3754 488 3814 Dominus
510 3755 720 3816 aedificaverit
740 3755 882 3836 domum,
915 3760 947 3817 iu
974 3775 1087 3816 vanum
1116 3758 1176 3819 elc-

258 3826 454 3917 borsverunt,
478 3840 529 3918 qui
551 3836 716 3899 aedificant
737 3858 820 3921 eam,
853 3842 912 3900 nisi
941 3826 1092 3901 Dominus
1126 3860 1179 3900 cu-

259 3919 399 3981 stodierit
420 3922 587 4001 civitatem,
609 3922 849 4004 frustravigilct,
871 3924 922 4002 qui
944 3922 1077 3985 custodit
1097 3941 1178 3985 eam.

259 4000 342 4063 Haeo
363 4013 433 4064 sunt
453 4005 547 4085 igitur
566 4006 713 4070 tenebrae
729 4006 866 4087 Aegypti
888 4004 1070 4088 palpabiles,
1092 4007 1178 4087 quod
