3075 4750
371 448 435 544 252
679 478 812 547 Quaestio
832 474 866 531 da
884 476 989 531 viribus

660 646 882 749 Conclusio
909 643 1008 731 nv)

456 786 579 866 Gratia,
610 805 664 850 scu
685 789 815 867 anus,
836 806 918 868 quae
938 806 1001 849 uon
1023 788 1082 848 nisi
1101 787 1133 848 in
1153 792 1298 848 extrema

372 872 558 933 necessitate
578 871 736 950 succurrit,
756 870 942 932 inertissima
963 878 1019 949 est,
1041 890 1079 932 ac
1089 870 1195 952 potius
1212 868 1297 931 nulla

374 956 502 1033 caritas,
536 955 595 1015 nisi
626 962 765 1016 extrema
793 956 977 1032 necessitas,
992 972 1075 1017 ‘non
1097 953 1226 1032 mortis,
1241 952 1293 1031 **)

373 1036 429 1097 sed
460 1037 690 1117 quaevis,”*)
727 1037 923 1119 intelligatur.
974 1038 1062 1099 Patet
1093 1036 1230 1098 breviter
1245 1056 1295 1097 ex

371 1120 427 1182 illo
461 1120 544 1181 dicto
579 1121 619 1181 Dss
649 1119 822 1182 Ambrosii:
875 1120 982 1181 Nescit
1014 1119 1102 1181 tarda
1135 1119 1296 1181 molimina

374 1202 503 1283 Spiritus
525 1204 556 1265 S.
578 1205 685 1286 gratia
734 1202 776 1263 Et
803 1202 885 1291 quod
914 1221 975 1264 uou
1005 1208 1166 1283 exspectat
1187 1205 1296 1264 mortis

372 1286 541 1365 periculum
571 1288 697 1365 caritas,
729 1292 816 1368 patet
848 1306 887 1347 ex
919 1293 1086 1368 praecepto
1120 1285 1295 1347 dilectionis
1374 1288 1375 1359 ᾗ

372 1370 519 1449 proximi:
561 1369 663 1451 Dilige
694 1368 869 1449 proximum
904 1376 988 1429 tuum
1018 1371 1096 1431 sicut
1123 1375 1154 1431 te
1182 1369 1295 1448 ipsum.

372 1451 481 1513 Nullus
501 1459 604 1513 autem
626 1459 687 1529 est,
720 1453 772 1532 qui
798 1470 860 1513 non
888 1452 964 1513 velit
984 1452 1041 1513 eibi
1064 1452 1200 1512 succurit
1222 1458 1295 1513 ante

372 1536 479 1596 mortis
501 1536 679 1617 periculum,
701 1542 888 1616 quapropter
908 1541 940 1596 et
959 1536 1027 1615 ipss
1048 1534 1116 1595 aliis
1130 1541 1293 1596 antemer-

371 1618 410 1677 tis
442 1619 611 1698 periculum
653 1636 832 1679 succurrere
869 1617 976 1695 debet,
1015 1616 1184 1678 secundum
1217 1617 1294 1678 illud

372 1700 541 1762 salvatoris
561 1701 665 1762 Matth.
688 1700 759 1761 VII:
804 1700 930 1779 Omnia,
964 1718 1044 1781 quae
1071 1700 1175 1761 vultis·
1190 1706 1226 1761 ut
1253 1700 1293 1761 fs-

371 1784 456 1843 ciant
481 1784 571 1845 vobis
602 1784 761 1860 homines,
796 1790 828 1844 et
863 1802 920 1845 voa
953 1783 1050 1845 facite
1077 1783 1147 1843 illis.
1196 1782 1294 1859 Idem,

371 1865 441 1926 Joh.
463 1866 517 1927 llI:
551 1866 609 1941 Qui
630 1865 772 1927 habuerit
793 1866 994 1928 substantiam
1017 1866 1104 1927 huius
1123 1860 1246 1944 mundi,
1264 1872 1295 1927 ct
1374 1902 1375 1905 =

371 1946 483 2008 viderit
502 1949 624 2010 fratrem
646 1952 734 2009 sunm
756 1950 935 2029 patientem,
957 1954 989 2010 et
1008 1950 1153 2009 clauserit
1173 1950 1295 2011 viscera
1374 1988 1375 2013 r

373 2049 430 2090 sua
450 2030 488 2092 ab
511 2048 566 2110 co,
588 2032 745 2112 quomodo
767 2033 878 2093 caritas
899 2032 957 2092 Dei
979 2032 1126 2093 manserit
1145 2032 1178 2091 in
1199 2031 1262 2093 so?
1374 2050 1375 2113 i

673 2212 940 2274 corollarium
969 2213 991 2273 l.

453 2351 590 2414 Christus
617 2352 727 2430 Jesus,
757 2354 853 2414 virtue
880 2326 1002 2432 nostra,
1034 2352 1148 2414 iustitia
1176 2358 1293 2430 nostra,
1374 2344 1375 2355 ¹

370 2436 510 2498 cordium
531 2444 563 2498 et
582 2455 690 2496 renum
711 2442 872 2515 scrutator,
894 2435 978 2498 solus
995 2443 1044 2497 est
1065 2436 1209 2516 cognitor
1229 2455 1291 2498 me-

369 2521 497 2580 ritorum
519 2525 696 2580 nostrorum
719 2523 796 2595 et†)
818 2519 921 2580 iudex.
1019 2545 1023 2551 ·

361 2649 364 2654 .
453 2602 542 2662 Patet
578 2601 693 2664 Coroll.
729 2621 768 2662 ex
802 2601 904 2662 multis
939 2599 1079 2681 passibus
1113 2602 1294 2682 sumpturae,

370 2684 383 2743 1
404 2684 503 2745 Paral.
526 2685 585 2761 28,
614 2685 703 2744 Deut.
725 2685 754 2761 8,
775 2703 814 2744 ex
835 2685 891 2746 illo
912 2684 961 2744 Ps.
984 2685 1039 2748 45:
1084 2683 1168 2746 Deus
1189 2705 1294 2746 meum
1374 2693 1375 2748 l

370 2767 519 2848 retugium
556 2773 588 2826 et
628 2768 747 2845 virtus,
792 2766 914 2829 adiutor
956 2769 988 2828 iu
1031 2765 1294 2846 tribulationibus3

312 2868 315 2883 ·
372 2853 399 2912 i.
418 2847 493 2918 Cor.
517 2853 550 2912 1:
594 2849 653 2924 Qui
680 2849 779 2910 iactus
807 2858 855 2912 est
882 2849 972 2912 nobis
999 2851 1150 2930 sapientia
1177 2869 1197 2910 a
1223 2851 1293 2912 Deo

371 2939 404 2992 et
417 2932 540 2993 'iustitia
560 2942 592 2992 et
612 2931 814 2994 sanctificatio
837 2939 869 2994 et
889 2933 1049 2995 redemtio
1083 2933 1180 2996 Psi:
1204 2933 1293 2995 Scru-

369 3021 450 3074 tans
469 3014 564 3076 corda
593 3021 625 3075 et
652 3020 746 3076 renes
763 3015 846 3076 Deus
873 3017 980 3078 iustus.
1022 3013 1184 3095 Reliquum
1206 3023 1295 3096 patet

370 3117 409 3158 ex
431 3097 503 3176 illo,
530 3097 650 3159 Ecolcs.
672 3102 706 3162 9:
738 3090 827 3160 vSunt
854 3100 924 3160 iusti
945 3104 1038 3179 atque
1059 3098 1235 3178 sapientes,
1264 3107 1294 3160 st
1374 3139 1375 3142 =

373 3199 469 3262 opera
500 3199 606 3243 eorum
634 3182 665 3242 in
686 3201 780 3242 mauu
802 3181 874 3260 Dei,
903 3189 934 3242 et
960 3189 1025 3242 tum
1057 3183 1157 3242 nescit
1186 3181 1293 3260 homo,

370 3270 470 3324 utrum
491 3282 615 3346 amore,
638 3283 678 3324 an
701 3264 774 3325 odio
797 3264 906 3345 (lignus
920 3265 975 3326 sit.
1063 3297 1067 3305 -

424 3468 454 3538 ¹¹¹)
475 3468 610 3524 lutherus
634 3471 668 3525 de
691 3471 744 3525 hac
767 3472 946 3528 conclusione
979 3474 1007 3526 in
1038 3489 1081 3542 ep.
1113 3471 1146 3526 ad
1167 3471 1292 3545 Langum

371 3543 436 3594 data
453 3541 531 3596 Tom.
553 3543 806 3612 impensurus
828 3559 855 3612 p.
867 3544 902 3597 24
913 3545 989 3610 haec
1008 3544 1087 3598 dicit:
1110 3545 1209 3598 Exme
1229 3545 1295 3599 talia

370 3613 496 3666 andierat
512 3614 583 3684 Mag.
602 3613 823 3668 Bartholomeus.

425 3684 474 3753 ”l
495 3685 655 3769 Intuml
676 3687 751 3738 Witt
769 3687 823 3754 eda,
841 3703 893 3740 nec
911 3703 968 3741 non
986 3689 1014 3772 in
1034 3687 1172 3742 Theslbus
1191 3689 1293 3760 legitur

370 3758 877 3894 voxhppEcpppmitpppptpeplpmuk
894 3764 1052 3886 ffioTrlissgib·
1072 3847 1124 3901 pro
1144 3839 1292 3902 quasvis

369 3899 438 3950 haec
457 3900 543 3952 verba
560 3889 704 3969 leg’untur:
725 3903 913 4026 cuiuscunpue
931 3904 971 3956 rei
991 3903 1123 3957 deiectus.

420 3967 454 4036 †)
476 3970 507 4022 ln
525 3970 569 4026 ed.
588 3973 664 4025 Witt.
683 3977 711 4026 et
727 3973 840 4028 lenens.
871 3975 973 4044 egitur:
993 3989 1033 4028 ac.
