3075 4750
608 518 633 558 a.
654 505 729 562 ttl't-
741 504 838 559 hetto.
1118 504 1179 571 193

257 670 375 731 idolum
405 670 553 731 vanitatis
579 670 662 751 lien-i,
703 660 761 733 ‘sed
789 662 894 733 omnia
923 670 1006 733 bona
1041 672 1081 733 ob
1110 642 1178 753 ipso
1286 682 1311 697 ““

259 772 387 834 sperare
408 761 441 814 st
460 756 492 814 in
508 754 624 815 ntillam
648 763 820 817 createrem
844 754 1009 816 oonlldere.
1098 794 1099 797 =

346 837 449 913 Haeo,
476 838 618 917 inquam,
646 839 802 899 confessio
833 840 905 899 vive
931 846 963 899 et
987 837 1064 899 fides
1086 839 1178 917 plena

257 926 306 980 est
325 919 399 980 llius
420 920 496 980 illud
516 922 748 1000 suavissimum,
784 940 844 1000 quo
868 920 1024 981 offeri-us
1046 940 1103 982 nos
1125 942 1179 983 no-

257 1010 384 1082 straque
405 1004 512 1063 omnia
530 1004 607 1065 Deo.
646 1003 770 1065 Oblatio
795 1006 876 1064 enim
900 1004 965 1065 Deo
988 1004 1109 1084 plneide
1130 1011 1178 1067 est

256 1104 313 1146 eor
333 1086 418 1165 pium
441 1094 473 1146 et
492 1093 612 1166 gistum
634 1095 727 1166 ntqne
742 1095 900 1166 penatum.
936 1087 998 1148 Sed
1011 1088 1070 1149 hoo
1094 1107 1176 1167 mog-

255 1185 331 1231 nmn
354 1180 405 1229 est
416 1168 508 1229 valde
529 1175 562 1229 et
581 1170 677 1250 longo
698 1172 807 1230 itinere
829 1170 1006 1250 pervenitur
1027 1170 1066 1231 ed
1088 1171 1178 1231 istem

256 1252 449 1328 oblationem
465 1252 646 1333 llagorum3
667 1272 772 1313 verum
794 1255 820 1313 si
842 1254 964 1332 spiritus
986 1256 1071 1331 assit,
1095 1254 1177 1319 velo-

256 1337 337 1395 eiter
357 1344 390 1395 et
410 1335 500 1395 laeile
521 1333 705 1415 perficietur.
754 1336 906 1396 Christum
941 1344 1044 1397 autem
1073 1356 1176 1416 regem

256 1417 400 1478 eonfiteri
429 1425 461 1478 et
487 1436 593 1477 eurum
620 1418 731 1479 offerre
759 1426 820 1495 eet,
854 1420 997 1499 deposita
1026 1422 1177 1498 sapientia

256 1519 313 1561 sne
336 1508 369 1561 et
389 1501 554 1561 diotamine
575 1504 826 1563 reetaeretionis
850 1522 905 1563 seu
920 1501 1020 1562 bonne
1037 1503 1178 1565 intentio-

256 1586 325 1659 nis,
353 1589 390 1644 nt
415 1584 539 1660 dieitur,
571 1603 642 1645 sese
665 1585 794 1645 ‘stultum
823 1592 854 1645 et
876 1583 989 1645 nudum
1012 1583 1121 1645 offerre
1141 1602 1179 1645 ne

255 1666 419 1748 regibilem
455 1666 612 1747 praebere.
662 1667 721 1742 Qui
748 1678 820 1727 sunt
851 1666 902 1731 filii
925 1666 1119 1731 obedientiae
1148 1674 1179 1729 et

256 1749 452 1827 tractabiles,
481 1751 532 1830 qni
566 1750 696 1811 libenter
729 1755 894 1829 acceptant
926 1770 1047 1831 regem,
1084 1753 1178 1831 oeptl-

256 1840 335 1893 vant
355 1850 481 1893 sensum
506 1850 593 1893 snum
615 1834 646 1893 in
669 1834 850 1911 obsequium
873 1833 1006 1910 Christi,
1039 1834 1071 1893 in
1094 1833 1179 1893 nulle

256 1936 290 1977 re
311 1916 372 1977 sibi
396 1914 573 1994 confidunt,
601 1917 665 1976 imo
687 1918 713 1976 si
735 1917 861 1977 veniant
883 1916 976 1994 mala,
1000 1916 1026 1977 si
1049 1916 1178 1977 offeren-

256 2005 306 2060 tur
329 1999 424 2075 bona,
446 2006 530 2059 stant
549 2001 651 2078 parati
672 2000 850 2077 aequaliter.
892 2000 934 2057 At
955 2005 1064 2059 eontra
1083 1998 1178 2059 durae

255 2083 396 2143 cervinis·
409 2088 441 2142 et
460 2082 684 2162 incorrigibiles
707 2101 830 2162 semper
849 2100 904 2142 suo
928 2084 1176 2160 nituntu1·sensu,

254 2168 406 2226 resistunt
425 2165 490 2245 regi
512 2165 569 2225 eibi
590 2166 665 2244 ipsis
685 2184 742 2226 rex
762 2166 997 2244 etduetor,non
1010 2172 1178 2244 sequuntur

255 2250 313 2308 nisi
344 2247 507 2308 eonsilium
536 2266 623 2308 sunm
656 2256 689 2307 et
716 2248 801 2335 nqllo
830 2248 924 2309 modo
960 2246 1119 2309 confidunt
1145 2250 1174 2307 in

255 2332 373 2410 mum,
402 2337 437 2391 ut
463 2350 532 2392 sese
558 2330 603 2393 illi
634 2332 868 2392 committerent.
921 2330 994 2392 Ideo
1022 2333 1101 2392 inter
1122 2350 1177 2392 eos

255 2423 388 2496 surgunt
408 2415 571 2493 tumultus,
593 2417 800 2495 impatientia,
821 2417 883 2492 ira,
907 2409 1077 2492 dissensio,
1099 2435 1176 2477 mur-

255 2499 411 2576 muratio,
423 2497 630 2578 blasphemia,
646 2517 709 2558 non
730 2507 835 2558 tamen
857 2499 915 2558 uisi
937 2494 1063 2576 propter
1078 2497 1177 2561 Deum
1220 2509 1229 2523 ”

256 2589 289 2642 et
310 2582 471 2662 pietatem.
514 2580 573 2655 Qui
595 2580 679 2641 lurni·
699 2601 781 2641 nune
801 2590 833 2640 et
854 2600 959 2660 eorum
982 2581 1175 2658 potissimum

255 2673 310 2743 est,
339 2665 394 2742 qni
415 2664 548 2724 maxime
569 2663 721 2724 Christum
744 2671 777 2724 et
797 2663 932 2724 clamant
957 2663 1052 2724 verbo
1080 2669 1112 2736 el
1139 2665 1176 2727 si-

255 2749 320 2810 lent
347 2763 462 2827 opere,
495 2747 547 2825 qui
569 2745 690 2824 dieunt,
717 2765 824 2830 regem
851 2767 914 2807 non
942 2746 1090 2808 hebemus
1108 2747 1175 2814 :nisi

255 2830 422 2891 Gaesarem
442 2832 463 2892 i.
478 2846 513 2889 e.
534 2847 592 2890 nos
618 2831 724 2910 ipsos,
756 2832 880 2909 meique
906 2829 1046 2910 gretiam.
1088 2830 1178 2896 Petet

255 2914 370 2992 itaque,
393 2912 477 2992 quod
498 2911 568 2972 tltus
589 2922 640 2974 est
658 2912 752 2984 fides,
780 2932 886 2973 eurum
908 2919 957 2973 est
977 2931 1066 2991 spes,
1104 2915 1175 2992 quin

254 2995 331 3057 lides
355 2994 454 3056 eredit
473 2997 579 3056 omnia
599 3015 638 3056 ex
652 2996 718 3056 Deo
736 3015 805 3056 ease
820 3003 852 3056 et
873 2996 948 3072 lore,
972 3015 1043 3074 spes
1066 2995 1176 3058 eedem

254 3085 417 3159 exspectat
437 3086 469 3138 el
489 3080 630 3158 sustinet,
651 3097 731 3158 quoe
752 3078 829 3139 fines
852 3078 989 3138 eredidit.
1032 3078 1175 3158 Sequitur

255 3164 365 3222 salites
390 3163 482 3222 tertio
506 3162 593 3237 loeo,
628 3163 747 3223 scilieet
780 3162 931 3222 Christum
960 3162 1121 3226 mortalem
1145 3170 1176 3224 et

254 3263 381 3324 passum
401 3244 551 3323 oonllteri,
573 3247 643 3305 viva
654 3246 851 3306 confessione
862 3245 1039 3324 passionem
1051 3254 1082 3308 et
1095 3263 1173 3308 nior-

254 3336 315 3388 tem
337 3329 405 3388 eins
426 3329 457 3387 in
476 3335 576 3388 semet
590 3329 659 3407 ipso
676 3330 857 3409 exprimere,
880 3335 914 3392 ut
928 3329 1007 3387 siout
1024 3329 1077 3389 ille
1095 3345 1174 3390 mor-

254 3417 321 3472 mm
344 3418 409 3489 est,
437 3412 483 3471 ita
509 3418 541 3472 et
571 3413 640 3490 lpse
659 3411 865 3472 libentissime
887 3412 964 3472 mori
986 3411 1071 3472 velit.
1116 3411 1173 3472 Hie

254 3502 286 3553 ut
304 3513 391 3555 mors
411 3491 498 3554 tortis
519 3494 661 3573 dileetio,
688 3496 733 3554 sie
759 3497 864 3574 iisque
889 3513 952 3554 non
980 3494 1080 3554 solum
1103 3494 1172 3555 thus

254 3578 273 3636 i.
301 3595 330 3638 e.
361 3575 455 3638 lldem
484 3595 546 3656 qne
570 3576 711 3638 ereditur
735 3597 805 3652 esee
828 3578 942 3640 bonum
964 3582 996 3635 et
1016 3575 1130 3636 molum
1153 3596 1173 3634 a

256 3659 323 3722 Deo
345 3661 479 3738 venisse,
500 3662 616 3737 venire,
639 3667 815 3721 venturum:
847 3679 910 3722 uon
939 3658 1040 3738 solum
1067 3677 1173 3718 eurum

254 3743 274 3802 i.
294 3761 323 3804 e.
346 3761 443 3823 spem,
455 3759 528 3822 qua
543 3745 710 3804 sustinetur
730 3751 762 3805 et
783 3750 923 3823 speratur
944 3759 1036 3802 omne
1057 3739 1172 3800 bonum

257 3833 287 3884 et
315 3826 446 3902 malum,
482 3844 589 3886 verum
621 3828 716 3886 etiam
735 3826 889 3907 myrrham
912 3826 932 3884 i.
954 3841 981 3882 e.
1005 3824 1172 3901 caritatem,

256 3925 333 3986 quae
353 3927 424 3968 oum
445 3909 560 3989 gaudio
571 3909 623 3969 hie
643 3911 736 3970 etiem
752 3909 872 3989 appetit
893 3913 924 3966 et
946 3924 1017 3984 spes
1033 3907 1172 3972 sustinet.

256 3990 296 4051 llt
314 3992 389 4053 inde
409 3991 487 4052 lides
508 3992 590 4053 tollit
609 3993 701 4055 nobis
720 4011 779 4054 nos
802 3993 888 4070 ipsos
906 3995 937 4050 et
953 3997 1058 4078 nostro
1070 3991 1174 4054 omnin

281 4127 373 4169 latherl
385 4139 438 4180 opp·
451 4129 478 4172 V.
491 4128 519 4168 A.
532 4128 562 4168 ad
575 4129 616 4170 rel.
629 4129 679 4168 hist
692 4129 708 4168 t.
721 4140 744 4178 p.
757 4129 801 4169 Vol
813 4129 831 4170 Ι.
924 4125 963 4196 13

359 4211 379 4234 Ι
