3075 4750
731 480 865 537 minin

656 693 693 756 11.
715 692 930 777 obeuntur)

413 812 469 874 Eo.
490 812 630 875 Errones
656 820 787 894 opponet
806 812 995 893 propositio,
1021 831 1094 873 nom
1116 811 1143 873 si
1163 830 1255 886 nono:

332 916 405 957 num
427 914 546 977 poenos
568 896 668 958 solum
689 896 914 957 oooumulstive
943 895 1009 955 vult
1034 894 1075 956 od
1096 914 1216 975 poenos
1236 914 1256 955 s

331 974 404 1041 Deo
424 981 585 1059 impositos
607 999 799 1059 concurrere,
821 980 884 1041 ism
908 978 1037 1057 laqueus
1059 985 1151 1056 esset,
1189 996 1253 1039 non

333 1062 417 1123 solus
439 1064 471 1121 in
493 1063 663 1125 senonibus
683 1062 971 1144 poeniteuflslibus,
992 1068 1046 1122 out
1065 1062 1092 1121 si
1114 1060 1179 1123 vult
1200 1080 1255 1123 eos

332 1165 402 1207 esse
438 1144 660 1207 deolsmtorios
694 1147 793 1223 (siout
824 1147 856 1207 in
890 1146 1018 1205 veritate
1050 1152 1137 1223 sunt,
1172 1144 1256 1223 quod

330 1229 451 1292 Martio.
485 1228 572 1289 Loth.
607 1248 670 1290 non
699 1228 868 1307 attondit),
902 1227 1042 1308 proieoto
1069 1228 1255 1289 remittendo

331 1330 466 1391 poenum
486 1332 650 1390 senonum,
671 1312 790 1391 aliquos
813 1330 931 1392 poenos
953 1312 1089 1372 remittit.

413 1395 500 1459 Luth.
521 1396 653 1457 Primum
675 1395 788 1457 Eooius
811 1403 916 1455 noster
936 1394 1011 1455 nihil
1032 1392 1253 1475 sohnlnstioi1)

332 1476 407 1539 dicit
429 1476 493 1561 (sio
513 1481 595 1541 enim
616 1479 759 1559 promisit
779 1483 904 1558 supro),
936 1476 1006 1539 ideo
1035 1476 1110 1537 mihi
1131 1476 1257 1557 grandis

332 1570 438 1642 stupor
467 1571 529 1641 est,
563 1571 681 1623 tontum
705 1563 876 1642 ingenium,
910 1568 1090 1639 tentumque
1123 1559 1256 1621 studium

332 1664 401 1707 esse
422 1664 525 1727 posse,
548 1653 581 1706 ut
599 1647 675 1707 istos
696 1664 746 1706 res
767 1642 818 1727 (id
839 1652 888 1705 est
907 1642 990 1723 opud
1011 1663 1061 1705 ms
1084 1646 1203 1723 nugas)
1225 1645 1258 1703 in

331 1730 427 1791 siens
448 1728 554 1807 literis,
575 1730 607 1789 in
628 1728 846 1789 ecelesiasticis
868 1726 1007 1787 Patribus
1028 1734 1061 1787 et
1086 1725 1257 1787 senonibus

331 1812 498 1889 invenerit,
530 1831 605 1891 quos
633 1811 746 1873 ibidem
777 1811 877 1871 nullus
906 1810 1000 1871 homo
1034 1810 1129 1871 totius
1152 1808 1257 1870 muudi

331 1894 431 1957 adhuc
451 1896 578 1956 invenit.

414 1977 573 2055 Secundo,
604 1979 744 2057 quamvis
775 1977 869 2039 verbs
897 1977 957 2037 isto
978 1976 1135 2054 vaniloqui
1159 1976 1256 2037 nostri

331 2068 458 2140 sonent,
490 2080 528 2121 ao
548 2062 580 2121 si·
597 2080 646 2121 me
673 2060 825 2141 intelligat
847 2078 995 2140 negasse,
1029 2059 1108 2119 ullos
1136 2076 1255 2139 poenes

330 2144 453 2223 remitti,
475 2143 547 2203 dum
569 2145 653 2223 dicit,
673 2142 858 2205 remittendo
876 2160 994 2222 poenus
1016 2160 1181 2218 senonum,
1203 2141 1256 2201 sli-

331 2244 407 2305 quos
428 2246 547 2307 poenos
569 2229 704 2290 remittit.
746 2226 864 2287 Tamen
896 2224 968 2286 volo
1005 2224 1148 2302 eredere,
1181 2224 1255 2283 mihi

330 2329 393 2371 non
416 2310 445 2371 id
469 2310 546 2371 islso
568 2310 608 2374 sb
629 2330 668 2371 eo
691 2312 824 2390 imponi:
853 2308 908 2369 sed
936 2306 1018 2368 huno
1040 2310 1105 2369 eius
1127 2326 1253 2369 sensum

327 2413 413 2472 ense,
453 2393 535 2474 quod
562 2415 644 2476 popo
664 2393 849 2456 remittendo
871 2411 1004 2473 poenum
1033 2410 1187 2454 onnonnm
1209 2411 1255 2450 re-

328 2479 420 2539 mittit
439 2479 544 2558 utique
564 2497 683 2558 poenos
704 2498 725 2538 s
741 2477 810 2538 Deo
832 2477 1001 2555 impositas,
1024 2477 1096 2555 quis
1126 2476 1255 2536 remittit

327 2580 446 2642 poenos
468 2581 488 2620 n
508 2582 544 2622 se
573 2562 763 2639 declaratos,
801 2579 820 2618 n
851 2560 919 2622 Deo
952 2565 1055 2620 sutem
1089 2560 1253 2638 impositas

331 2645 433 2724 (quod
454 2645 601 2706 Martinus
622 2644 771 2706 Lutherus
793 2663 856 2704 uon
884 2641 1031 2721 attendit,
1062 2641 1174 2702 Eooius
1202 2661 1255 2702 eu-

327 2733 400 2807 tem,
422 2727 615 2807 ultraquam
642 2747 749 2788 verum
778 2734 842 2804 est,
864 2725 1031 2804 attendit),
1051 2744 1090 2786 oe
1111 2743 1167 2804 por
1193 2724 1256 2785 hoo

328 2830 391 2871 non
413 2812 539 2872 remittit
560 2809 769 2872 nooumulstss
791 2809 832 2871 ed
852 2828 971 2889 poenos
993 2827 1013 2868 u
1034 2808 1101 2868 Deo
1129 2809 1255 2888 imposi-

325 2900 384 2972 ras,
400 2893 462 2954 hoo
483 2903 539 2974 est,
557 2894 712 2975 simplices
734 2899 766 2952 et
779 2912 841 2954 non
857 2891 965 2973 duplos
977 2910 1095 2971 poenos
1117 2892 1256 2952 remittit.

409 2977 532 3056 Tertio,
563 2997 623 3060 ego
645 2975 767 3056 quidem
790 2977 822 3036 iu
844 2977 904 3036 isto
926 2974 1142 3053 conclusione,
1176 2967 1257 3034 siout

236 3114 240 3123 ,
326 3061 360 3119 in
387 3061 528 3122 omuibus
556 3061 639 3139 eliis,
679 3059 753 3120 nihil
768 3065 888 3139 statuo,
909 3057 964 3118 sed
985 3057 1125 3138 disputo,
1148 3076 1253 3136 quem-

327 3161 418 3222 quom
439 3144 521 3224 opud
540 3163 590 3205 me
611 3164 685 3204 vere
705 3162 775 3204 esso
797 3143 891 3204 oredo
913 3141 1053 3222 plurimo,
1075 3148 1179 3202 tomen
1197 3141 1253 3200 ho-

327 3245 379 3287 mo
401 3245 478 3304 sum,
500 3234 532 3287 et
553 3226 627 3287 nihil
649 3226 767 3288 habens
788 3227 819 3285 in
842 3225 900 3285 hoo
919 3243 953 3285 re
968 3225 1141 3306 potestatis,
1164 3243 1255 3304 pruo-

327 3318 374 3370 ter
394 3309 568 3390 disputandi
590 3309 777 3383 fooultstem.
810 3308 884 3370 Ideo
906 3307 1059 3368 edietum
1082 3306 1253 3369 obeliscum

329 3392 409 3473 dioo,
431 3393 566 3454 Menon
589 3392 670 3454 velle
691 3411 810 3472 poenos
843 3410 995 3454 canonum
1019 3410 1089 3452 osse
1105 3383 1252 3452 *susumu-

327 3475 421 3556 lotss,
454 3477 510 3537 sed
537 3476 637 3555 solos,
672 3495 750 3555 quse
782 3495 839 3556 pro
873 3476 1009 3556 peoostis
1042 3475 1253 3555 imponuntur.

270 3579 274 3598 r
328 3557 426 3621 Deum
448 3568 552 3622 nutem
571 3562 733 3641 imponere
752 3577 871 3638 poenas
887 3559 1043 3640 peoootori
1057 3556 1250 3635 ooniitsntii)

328 3663 408 3725 nego
437 3663 497 3704 neo
525 3653 629 3725 potest
654 3641 778 3724 probari
811 3662 832 3704 s
861 3649 967 3706 nostro
989 3640 1251 3722 obelisoogrspho

382 3831 410 3891 ⁸)
429 3827 570 3882 Adversus
589 3831 615 3884 5.
636 3828 764 3882 Conolnr.
784 3831 903 3886 Luffiflri,

326 3901 546 4025 οοηέὶέοὲὲίῗβώ
579 3908 605 3953 αι
634 3899 677 3953 ed'
698 3902 785 3960 ww*
816 3906 988 3963 ⁸⁰h⁰¹⁸⁸Q
1034 3901 1053 3958 2
1096 3903 1147 3958 Ed·
1177 3900 1252 3956 Jonr
