3075 4750
614 454 648 509 de
666 455 856 526 indulgentiis.
1129 456 1194 523 25?

269 624 520 705 quingentem'mo
526 622 650 686 decimo
660 627 751 687 tertio
763 626 832 687 idas
844 626 991 705 danumii,
1002 646 1057 707 per
1069 625 1193 687 easdem

271 709 375 769 literas
397 706 552 769 facultatis
565 726 629 767 aaa
651 712 879 772 commissionis
901 729 1070 776 muscosae
1091 710 1193 771 etlan-

270 798 321 851 tae
342 788 529 852 Reverendo
547 790 639 866 Patri,
661 792 757 853 Fratri
779 794 943 855 h'rauciaco
964 794 1050 855 Zeno
1072 792 1112 853 de
1132 793 1193 853 Ma-

270 873 418 950 diolano,
441 873 577 933 Fratrum
595 873 747 935 hlinorum
771 876 810 937 de
831 875 1044 953 Obseruantia,
1067 875 1194 936 etmihi

270 956 355 1016 Patri
385 956 483 1016 Fratri
511 955 675 1017 Timotheo
702 958 743 1019 de
774 959 873 1037 Luna,
905 959 1042 1041 generali
1070 959 1192 1019 Vioario

269 1041 510 1114 citramontano,
532 1058 625 1118 snper
639 1046 734 1101 totam
751 1041 882 1121 ltaliam,
905 1042 1082 1123 Ungariam,
1104 1041 1193 1103 Polo-

271 1123 366 1195 niam,
388 1121 580 1200 Bohemiam,
602 1122 758 1184 Austriam
781 1130 812 1185 et
833 1125 909 1185 alias
930 1126 1195 1205 provinciassuae

269 1204 503 1283 iurisdictionis,
522 1204 624 1283 quoad
640 1206 762 1272 Fratres
774 1207 948 1286 praedictos
964 1215 996 1269 et
1006 1226 1195 1286 consequan-

271 1296 319 1349 ter
347 1287 423 1348 mihi
450 1287 691 1369 infrascripto,
721 1296 868 1369 tanquam
896 1290 936 1351 ab
964 1310 1004 1367 eo
1030 1293 1194 1365 autoritate

270 1370 450 1449 apostolica
476 1370 622 1449 deputato
651 1380 683 1432 et
703 1372 922 1453 subdelegato,
945 1392 1028 1435 anuo
1052 1372 1196 1433 videlicet

273 1452 438 1513 dcccco
455 1452 649 1531 duodecimo,
661 1457 811 1536 vigesimo
826 1463 938 1516 octauo
952 1456 1001 1517 die
1015 1456 1130 1518 mensis
1142 1456 1194 1515 dn·

272 1537 332 1596 nii:
358 1543 505 1614 quantum
528 1536 568 1596 ad
589 1536 650 1596 hoc
670 1528 829 1616 videlicet',
857 1538 941 1617 quod
962 1539 1101 1618 quemvis
1123 1556 1194 1617 pos·

273 1620 313 1679 ait
334 1618 484 1680 idoneum
506 1619 622 1699 eligere
640 1622 860 1699 confessorem,
882 1621 1094 1702 presbyterum
1110 1640 1195 1681 secu-

273 1702 371 1761 larem
393 1701 640 1783 relregnlarem,
662 1706 796 1765 amussis
819 1704 944 1783 ordinis,
967 1706 1059 1765 etiam
1080 1702 1195 1764 mendi·

273 1786 426 1862 cantium,
449 1787 502 1863 qui
522 1786 720 1848 confessione
740 1788 904 1868 diligenter
919 1788 1024 1848 audita
1039 1805 1095 1867 pro
1113 1805 1195 1847 com-

274 1868 376 1928 missis
399 1875 475 1927 tunc
493 1874 633 1949 tempore
654 1871 816 1931 electionis
844 1890 899 1951 per
929 1890 985 1933 eos
1006 1869 1195 1949 excessibus,

273 1951 396 2011 delictis
417 1958 451 2011 et
472 1952 608 2031 peccatis
630 1952 823 2033 quibuslibet,
846 1955 939 2013 etiam
961 1954 1027 2014 sedi
1049 1953 1195 2033 apostoli-

275 2054 332 2095 cae
351 2035 533 2112 reservatis,
566 2041 598 2094 et
623 2056 644 2095 a
670 2038 807 2096 censuris
829 2037 1064 2115 ecclesiasticis,
1102 2037 1195 2095 etiam

275 2136 404 2196 quarum
426 2117 581 2178 absolutio
603 2117 704 2179 dictae
725 2119 793 2180 aedi
813 2127 971 2181 reservata
983 2120 1080 2197 forst,
1101 2120 1196 2179 etiam

276 2201 315 2261 de
336 2200 400 2274 his,
429 2201 561 2278 quaein
584 2198 691 2262 Coena
711 2203 837 2262 Domini
865 2210 1080 2280 reservantur,
1109 2221 1196 2281 praes

275 2290 415 2362 terquam
462 2284 627 2345 occasione
667 2285 912 2345 machinationis
953 2286 985 2345 in
1027 2303 1198 2365 personam

276 2366 388 2427 summi
411 2364 582 2446 pontificia,
605 2369 773 2430 occisionis
794 2370 1016 2450 episcoporum*
1034 2375 1065 2429 et
1087 2375 1196 2428 conso

276 2458 441 2528 aratorum,
457 2450 628 2512 aliorumve
642 2453 851 2532 praelatorum
873 2453 1072 2532 superiorum,
1093 2449 1198 2511 fulciti-¹

277 2534 409 2594 cationis
430 2533 581 2593 bullarum
602 2545 656 2596 aut
675 2536 831 2596 literarum
855 2535 1111 2616 apostoliearum,
1145 2533 1198 2594 de«

276 2617 402 2677 lationis
424 2635 579 2676 armornm
600 2625 632 2678 et
651 2619 782 2679 aliorum
799 2617 1022 2699 prohibitorum
1034 2617 1073 2678 ad
1094 2625 1199 2697 partes

275 2699 456 2774 infidelium,
478 2698 645 2760 aluminum
666 2702 764 2779 Tulle,
776 2721 813 2762 ae
830 2702 869 2763 de
880 2700 1015 2781 partibus
1028 2699 1197 2761 infidelium

277 2783 316 2843 ad
338 2781 462 2859 fideles,
500 2790 609 2844 contra
630 2784 871 2865 prohibitionem
891 2783 1111 2863 apostolicam,
1146 2783 1199 2842 ds:

277 2865 410 2925 latorum
433 2866 576 2926 incursis:
602 2886 665 2927 non
689 2874 792 2928 tamen
821 2867 878 2928 sub
906 2885 962 2946 spe
983 2875 1015 2928 et
1035 2873 1199 2947 praetextu

277 2949 450 3028 praesentis
484 2951 711 3028 concessionis,
748 2969 788 3010 ac
818 2951 944 3030 praevia
978 2950 1197 3026 satisfactione,

277 3031 317 3092 de
337 3032 405 3091 iure
426 3033 623 3111 competenti,
644 3033 742 3093 semel
762 3035 793 3093 in
815 3035 888 3112 vita,
909 3051 968 3094 nec
989 3053 1054 3094 non¹
1069 3035 1101 3096 in
1119 3035 1198 3095 mors'

277 3116 315 3174 tia
337 3112 478 3191 articulo,
499 3115 682 3194 etquotiens
695 3115 733 3176 de
742 3115 798 3177 illo
814 3115 1008 3194 dubitabitur,
1031 3116 1199 3179 absolutim
1264 3112 1268 3118 ’

268 3217 349 3258 nem
379 3204 411 3256 et
440 3198 653 3258 remissionem
684 3217 721 3258 ac
742 3198 953 3277 plenissimam
975 3199 1199 3282 indulgentiam

276 3277 473 3360 impendere:
501 3282 534 3340 in
560 3300 623 3340 non
650 3283 814 3359 reservatis
837 3301 909 3343 vero
932 3283 1054 3343 casibus
1077 3287 1107 3344 et
1129 3281 1199 3342 cen-¹

279 3364 373 3441 auris,
396 3363 471 3423 licet
492 3362 558 3424 aliis
581 3363 774 3425 inferioribus
796 3385 896 3446 papae
918 3366 1019 3426 forent
1039 3366 1197 3448 reservati,

279 3447 393 3506 totiens
423 3447 565 3525 quotiens
586 3445 617 3508 id
639 3449 776 3527 petierit,
809 3448 1035 3510 absolutionem
1052 3449 1201 3530 impartiri

278 3535 310 3589 et
335 3530 559 3608 poenitentiam
599 3530 763 3590 salutarem
795 3533 955 3612 iniungere
988 3531 1128 3611 valeant,
1162 3549 1199 3590 ao

279 3613 370 3672 etiam
393 3618 468 3672 tunc
488 3614 602 3672 emissa
622 3631 678 3692 per
699 3631 755 3673 eoa
777 3622 852 3674 vota
867 3629 1066 3692 quaecunque
1088 3612 1199 3696 (ultra

280 3696 398 3755 marino
421 3701 454 3754 et
472 3696 810 3776 ingressusreligionis
831 3697 990 3776 professae
1018 3713 1055 3756 ac
1078 3695 1199 3756 eastita-

279 3779 318 3837 tis
349 3777 562 3838 soleunisatae
594 3778 743 3839 duntaxat
776 3781 856 3839 votis
892 3779 1048 3858 exeeptis)
1079 3780 1110 3840 in
1139 3777 1202 3838 alia

281 3862 415 3939 pietatis,
430 3879 529 3941 opera
558 3869 762 3922 commutare:
799 3861 938 3921 similiter
959 3861 1102 3942 praetatis
1124 3861 1199 3922 indi-

282 3944 437 4024 gentibus,
462 3945 549 4005 omni
576 3953 717 4027 tempore
739 3945 831 4023 anni,
861 3951 1075 4025 praeterquam
1097 3947 1127 4005 in
1150 3944 1204 4014 die

306 4084 397 4124 liuthart
411 4094 464 4134 opp.
478 4085 505 4127 V.
519 4084 545 4126 h
560 4085 589 4125 ad
603 4086 643 4126 ret.
657 4086 707 4125 htrt
721 4085 737 4126 t.
750 4096 772 4135 p.
787 4085 869 4127 Voti.
951 4055 989 4117 17
