3075 4750
369 462 432 531 256
695 499 699 507 ·
757 466 894 522 Praefatio

370 640 440 697 sunt
461 636 518 697 viri
538 636 641 697 idonei
663 644 755 718 atque
777 638 959 699 auctoritate
985 636 1158 717 pollentes,
1187 636 1291 698 nullus

370 725 471 780 autem
504 738 543 779 ex
571 719 618 780 his
646 722 762 782 maiore
792 741 861 782 cum
888 720 988 781 fructu
1008 720 1059 781 vel
1080 720 1291 801 impudentius
1379 792 1380 795 Ἴ

369 802 453 863 illam
474 820 539 862 rem
559 804 656 883 gessit
677 822 769 885 quam
781 805 918 866 loannes
932 803 1095 882 Tetzelius,
1118 804 1291 865 monachus

369 884 589 946 Dominiccnus
611 892 643 947 et
663 886 1089 969 theologiseBaccalaureus,
1111 888 1174 967 qui,
1198 905 1292 967 quum

370 970 431 1028 iam
457 967 530 1029 inde
558 968 597 1030 ab
626 988 708 1031 anno
740 974 821 1037 1500
848 969 1109 1051 indulgentiarum
1136 970 1292 1029 nundinas
1379 994 1380 997 ¹

369 1052 529 1112 instituere
555 1051 720 1133 studuerit,
748 1053 1041 1116 subcommissarius
1063 1052 1103 1113 ad
1124 1052 1206 1113 hanc
1227 1072 1293 1113 rem
1379 1050 1380 1107 l

370 1134 538 1215 gerendam
560 1137 741 1197 constitutus
765 1147 812 1197 est
836 1137 892 1211 (of.
908 1135 1074 1197 Losscheri
1094 1136 1115 1198 l.
1139 1136 1159 1197 l.
1181 1135 1207 1218 I,
1231 1138 1291 1201 367

371 1224 402 1279 et
423 1217 635 1279 Seckendorfii
655 1218 769 1282 Histor.
799 1219 1033 1280 Lutheranismi.
1065 1218 1098 1280 L.
1119 1218 1142 1280 1.
1164 1238 1196 1298 p.
1218 1217 1292 1301 25).

244 1267 248 1285 Ι
272 1355 275 1360 .
369 1300 399 1361 Is
421 1303 568 1361 nonsatis
580 1301 714 1364 habebat
734 1302 942 1385 indulgentias
963 1304 1030 1381 ipse
1052 1302 1293 1381 quavisratione
1379 1376 1380 1379 Ἴ

371 1390 403 1444 et
423 1403 515 1463 quam
535 1384 666 1466 plurimo
688 1384 838 1466 vendere,
861 1384 1030 1446 sedetiam
1053 1386 1120 1444 sine
1141 1386 1229 1445 iussu
1251 1392 1293 1443 at

371 1484 430 1546 que
451 1469 633 1529 auctoritate
654 1486 755 1549 papae
777 1469 825 1530 val
840 1468 1119 1529 commissariorum
1132 1468 1292 1547 primario-

371 1570 436 1610 rum
458 1549 605 1628 libellum,
628 1552 680 1630 qui
704 1552 880 1615 inscribitur
902 1550 1073 1615 summaria
1094 1549 1292 1611 sacerdotum

369 1635 528 1694 instructio
543 1633 582 1694 ad
603 1633 825 1714 praedicandas
846 1634 1063 1715 indulgentias,
1085 1632 1196 1711 edidit,
1230 1652 1292 1713 quo

371 1734 433 1776 non
463 1717 562 1777 solum
592 1718 727 1777 omnium
759 1714 900 1779 ordinum
931 1716 1107 1778 sacerdotes
1132 1716 1172 1776 ad
1194 1715 1293 1775 indul-

371 1800 491 1881 gentias
512 1800 736 1879 praedicandas
758 1820 796 1862 ac
815 1799 994 1861 vendendas
1015 1797 1228 1879 maximopere
1244 1818 1294 1859 cx-

372 1882 513 1942 hortatus
537 1889 593 1959 est,
616 1882 783 1944 sedetiam
807 1885 871 1944 vias
894 1902 931 1943 ac
951 1883 1087 1943 rationes
1107 1900 1161 1942 eos
1178 1880 1294 1942 dooere

371 1964 501 2044 studuit,
534 1964 643 2045 quibus
673 1966 735 2028 hoc
765 1968 924 2048 negotium
946 1966 1082 2027 maximo
1104 1982 1174 2024 cum
1194 1964 1293 2025 fructu

371 2066 464 2127 agere
484 2053 577 2127 atque
599 2067 744 2111 exercere
766 2056 904 2130 possent.
943 2048 1093 2109 butherus
1114 2048 1204 2108 initio
1228 2066 1292 2108 non

371 2132 563 2211 impugnavit
591 2132 798 2215 indulgentias
826 2153 881 2213 per
908 2152 942 2193 se
970 2134 1069 2212 ipsas,
1091 2130 1147 2191 sed
1170 2150 1252 2211 quac
1273 2151 1310 2191 a.

370 2213 507 2274 Tetzclio
525 2216 559 2289 in
586 2216 647 2276 isto
675 2216 780 2276 libello
809 2214 1062 2276 commendantur
1082 2213 1293 2294 indulgentias

367 2296 567 2378 praedicandi
590 2305 620 2359 et
643 2298 796 2359 vendendi
817 2300 970 2369 rationes,
999 2298 1059 2357 hae
1081 2316 1150 2357 eum
1172 2298 1204 2357 in
1229 2316 1293 2357 oer-
1379 2368 1380 2388 ,

369 2388 472 2442 tamen
500 2381 576 2441 illud
605 2383 757 2443 ecclesiae
779 2383 964 2443 christianae
986 2380 1219 2442 saluberrimum
1242 2381 1293 2441 dc·

368 2472 573 2542 vocaverunt,
611 2465 745 2545 ideoque
776 2466 936 2526 Albertum
965 2464 1232 2544 archiepiscopum
1261 2464 1292 2524 in

369 2548 500 2628 epistola
521 2555 612 2628 rogat
633 2555 726 2628 atque
748 2549 900 2628 obsecrat,
924 2554 957 2608 ut
977 2548 1069 2608 istum
1078 2546 1292 2608 Tetzelianum
1379 2569 1380 2576 ¹

369 2630 507 2692 libellum
527 2633 650 2711 penitus
672 2632 795 2692 tolleret
812 2639 843 2693 et
855 2631 1012 2692 veniamm
1026 2629 1292 2711 praedicatoribus

370 2713 463 2775 aliam
484 2715 658 2794 imponeret
678 2715 810 2776 formam
830 2713 1037 2796 praedicandi.
1181 2772 1184 2780 ,

451 2797 583 2857 Primum
606 2797 865 2879 indulgentiarum
888 2797 1033 2879 diploma,
1056 2793 1140 2876 quod
1160 2815 1219 2876 pro
1241 2795 1292 2856 ba-

370 2880 457 2941 silica
473 2878 637 2940 ·Vatioana
663 2879 856 2942 aedificanda
884 2879 987 2941 datum
1020 2879 1109 2942 nobis
1145 2879 1292 2958 innotuit,

369 2963 442 3025 Julii
462 2962 491 3024 Π
510 2983 611 3044 papae
631 2965 716 3028 iussu
737 2984 820 3026 anno
852 2965 931 3028 1513
958 2963 1082 3043 prodiit.
1135 2961 1293 3024 Loeschcr

371 3046 403 3108 id
423 3043 555 3119 reddidit
576 3048 607 3107 in
629 3047 724 3113 libro:
747 3045 1048 3109 Reformstionsaots
1073 3045 1096 3125 I,
1128 3047 1189 3110 368
1225 3065 1293 3128 sqq.

371 3136 403 3192 et
417 3131 484 3197 ,hoc
507 3137 568 3190 est:
1128 3169 1132 3174 .

301 3202 307 3215 ’
424 3266 426 3272 .
453 3211 611 3274 Universis
633 3220 665 3274 et
693 3213 820 3294 singulis
843 3220 1022 3293 praesentes
1044 3212 1149 3272 literas
1171 3212 1293 3292 inspec-

370 3285 444 3358 turis
473 3304 594 3376 pateat,
623 3295 706 3375 quod
727 3295 855 3377 propter
877 3295 1136 3358 contributionem
1158 3295 1294 3356 eleemo-

371 3381 540 3460 synariam,
573 3379 686 3440 factam
713 3378 880 3440 secundum
910 3379 1040 3441 formam
1063 3377 1231 3458 apostolici
1252 3380 1293 3438 in-

371 3463 448 3524 dulti
475 3463 554 3543 infra
578 3464 697 3544 scripti,
727 3464 758 3523 in
782 3462 950 3524 subsidium
971 3459 1118 3526 Fabricac
1139 3459 1294 3522 Basilioae

371 3545 593 3628 Apostolorum
622 3547 767 3626 principis
790 3547 822 3606 in
848 3543 991 3607 Romana
1013 3543 1088 3605 urbe
1109 3542 1294 3606 concessum

372 3638 419 3692 est
438 3627 578 3691 Honesto
604 3626 740 3691 iohanni
761 3629 932 3710 Dyttingk,
954 3628 1113 3690 Dioecesis
1136 3625 1293 3688 Wlatisla

370 3714 495 3792 viensis,
518 3734 580 3774 una
601 3733 669 3773 cum
692 3713 826 3792 coniuge
848 3711 1060 3796 suaAgnctha
1081 3709 1220 3792 gaudere
1243 3710 1292 3773 be·

372 3795 483 3858 neficio
507 3816 561 3857 seu
582 3796 743 3877 privilegio
766 3793 917 3856 bullarum
939 3801 970 3855 et
990 3793 1146 3858 literarum
1168 3801 1293 3874 aposto-

371 3880 498 3940 licarum
517 3878 706 3948 Sanctissimi
720 3877 845 3940 Domini
867 3879 974 3958 nostri,
995 3877 1120 3943 Domini
1142 3875 1218 3937 Julii
1239 3875 1292 3938 Pa·

371 3981 431 4044 pae
444 3961 490 4042 ss,
501 3963 622 4041 noviter
633 3960 854 4044 emanaturum,
875 3979 957 4022 auno
970 3959 1115 4024 videlicet
1127 3959 1292 4023 millesimo
