3075 4750
355 481 417 552 3ae
746 490 900 560 omma

439 658 497 734 69]
520 655 715 738 irnpoasibile
743 665 793 720 eat
819 662 923 741 itaque
944 660 1046 741 legem
1069 661 1193 742 impleri
1215 663 1282 722 aine

357 741 456 818 gratia
477 739 534 800 Dei
557 741 620 802 ulio
643 742 746 807 modo

439 820 497 906 70)
521 821 601 898 Quin
630 827 723 885 etiarn
752 826 852 907 magia
875 826 1043 887 destruitur
1060 843 1131 906 per
1140 833 1283 886 ιιιιιιιιιιιιι

355 906 424 965 eine
445 907 545 986 gretia
567 907 633 968 Dei.

417 987 497 1132 ip)
520 987 585 1050 Lex
608 989 692 1052 bona
713 993 891 1053 neocaesario
913 991 948 1053 tit
968 992 1051 1054 mala
1072 991 1237 1052 voluntate
1251 991 1280 1071 ¹)

354 1073 486 1132 naturai

440 1157 497 1224 72)
521 1155 585 1215 Lex
608 1163 639 1217 et
660 1157 804 1218 voluntas
825 1165 898 1218 eunt
909 1158 1083 1219 adversarii
1104 1157 1187 1235 dno,
1203 1159 1283 1218 ‘aine
1381 1154 1382 1213 ι

355 1239 453 1320 gratia
473 1239 532 1300 Dei
553 1239 752 1321 impetrabiles
766 1239 811 1314 ²).

439 1323 497 1398 73)
521 1320 613 1398 Quod
635 1323 686 1383 lex
708 1323 787 1396 vult
761 1330 933 1404 taemper
955 1323 1096 1384 voluntas
1120 1338 1186 1383 non
1209 1322 1284 1400 vult,

356 1406 413 1464 nisi
436 1406 547 1466 timore
568 1406 618 1467 vel
640 1423 747 1467 amore
768 1406 892 1466 simulet
914 1425 948 1468 ae
969 1405 1060 1466 velle.

438 1491 496 1560 74)
521 1488 585 1549 Lex
606 1497 654 1549 eet
675 1495 805 1550 exactor
826 1489 1010 1567 voluntatis,
1032 1489 1083 1567 qui
1105 1507 1170 1549 non
1194 1507 1282 1568 supe·

355 1577 453 1650 ratur,
489 1573 547 1632 nisi
581 1591 636 1652 per
671 1572 849 1653 parvulum,
888 1574 940 1651 qui
973 1579 1063 1632 natus
1102 1579 1152 1632 est
1181 1571 1283 1631 nobis.

356 1655 427 1716 an.
451 1655 522 1723 9³).

314 1757 316 1768 ¹
438 1742 497 1812 75)
521 1737 584 1797 Lex
606 1737 681 1798 feeit
700 1737 858 1798 abundare
879 1743 1056 1818 peceatum,
1086 1738 1162 1815 quia
1183 1738 1282 1797 irritat
1338 1761 1344 1773 ·

357 1829 389 1881 et
409 1821 537 1882 retrahit
556 1821 746 1882 voluntatem
767 1841 787 1881 a
808 1840 842 1882 oe
864 1823 941 1901 ipae.
965 1821 1053 1882 Rom.
1077 1820 1154 1891 7³).

438 1905 479 1968 78
502 1903 608 1963 Gratia
635 1910 736 1964 autern
759 1904 817 1965 Dei
842 1904 916 1964 feeit
940 1903 1098 1964 abundare
1117 1904 1285 1980 iustitiam,
1381 1906 1382 1969 j

357 2005 414 2066 per
435 1985 534 2046 iesum
554 1985 724 2065 Christum,
748 1989 799 2066 qui
821 1987 896 2048 fooit
915 1987 1038 2066 plaeere
1060 1987 1174 2066 legem.

441 2065 499 2151 77)
523 2068 623 2129 Omne
658 2085 736 2150 opus
771 2071 849 2152 legia
878 2071 946 2130 sine
980 2071 1079 2150 gratia
1110 2069 1170 2129 Dei
1207 2070 1281 2130 forie
1381 2080 1382 2087 ’

358 2151 647 2298 gppeapettbonum²
683 2152 740 2213 sed
773 2155 855 2214 intuo
878 2159 927 2215 eet
947 2160 1119 2234 pennatum.
1162 2151 1284 2213 Contra

381 2254 488 2297 eoas
502 2253 577 2298 roos

440 2319 498 2393 78)
523 2319 652 2417 Semper
672 2316 818 2395 averaa4)
847 2263 989 2380 voiuntoa
1011 2325 1211 2380 etoonversa
1224 2337 1285 2379 ma

358 2422 414 2464 nne
437 2404 559 2464 suntin
581 2403 651 2483 tege
672 2402 798 2463 Domini
820 2404 887 2462 nine
909 2404 1009 2483 gratia
1029 2402 1097 2463 Dei.

441 2488 498 2561 79)
525 2484 683 2546 Conversa
718 2485 862 2546 voluntas
896 2485 936 2546 ad
963 2485 1064 2565 legem
1093 2486 1162 2546 sine
1183 2470 1288 2565 gratia

358 2569 416 2669 Dei
440 2576 488 2630 est
509 2566 620 2629 affecto
644 2567 799 2629 commodi
822 2570 868 2628 aui
890 2569 970 2630 talis.

361 2734 370 2795 ¹
404 2654 498 2727 80)
521 2650 677 2712 Maledioti
696 2658 771 2723 ‚sunt
783 2670 901 2730 ornnes,
922 2652 974 2731 qui
997 2656 1166 2731 operentur
1188 2669 1288 2731 opero
1381 2693 1382 2740 p

373 2752 448 2797 ers.
1348 2764 1356 2774 κ
1381 2749 1382 2752 ’

342 2840 356 2865 r
392 2756 412 2817 g
440 2814 683 2962 81)DBenedioti
705 2825 777 2879 aunt
798 2837 917 2898 omnes,
939 2818 990 2897 qui
1004 2823 1288 2897 operanturopara

379 2904 475 2962 retiae
530 2902 558 2962 ei
1381 2931 1382 2946 ι

300 3038 317 3059 χ
357 2920 378 2982 g
440 2986 497 3059 82)
523 2984 599 3065 Cap.
621 2984 747 3064 Falsas,
786 2984 826 3045 de
852 3004 901 3064 pe
932 2983 990 3044 dia.
1011 2981 1057 3043 V.-
1059 2983 1091 3057 ⁵)
1121 2981 1289 3043 ooniirrnat

358 3082 455 3148 opera
482 3076 570 3127 extra
597 3069 725 3147 gratiam
755 3085 818 3128 non
846 3078 915 3127 esee
940 3067 1043 3145 bona,
1071 3066 1097 3125 si
1120 3084 1184 3126 non
1207 3065 1287 3126 faiae
1381 3057 1382 3070 ¹

357 3152 388 3211 in
390 3150 568 3231 teiiigat
510 3170 554 3213 ur.

440 3235 498 3312 83)
522 3233 607 3294 Non
626 3241 742 3295 tanturn
777 3232 996 3294 ceremonialia
1028 3237 1099 3291 aunt
1132 3230 1186 3291 lex
1223 3251 1286 3291 non

358 3317 494 3380 bonae
516 3323 697 3397 praecepte,
723 3320 755 3377 in
783 3316 893 3397 quibua
915 3335 978 3377 non
1000 3316 1122 3376 vivitur.
1168 3313 1288 3375 Contra

327 3414 330 3421 ’
358 3402 434 3461 mult
423 3409 471 3463 tos
493 3401 648 3462 doctores.

441 3486 498 3555 84)
525 3483 585 3547 Sed
610 3483 729 3563 etipse
751 3482 935 3564 decalogus,
957 3488 989 3543 et
1010 3479 1155 3574 quioquid
1178 3478 1285 3542 doeeri

358 3566 527 3648 dioterique
548 3568 630 3627 intus
652 3572 683 3626 et
704 3565 779 3672 forie
801 3572 915 3647 potent.

413 3816 1284 3903 rumafflommm.onnnmonw

357 3911 556 3979 implacabiles.
595 3910 627 3977 3)
649 3910 753 3962 Deaunt
778 3910 832 3963 iooi
852 3911 927 3961 citati
956 3911 984 3959 in
1003 3907 1047 3961 ed.
1069 3907 1139 3962 153⁰
1157 3912 1185 3959 et
1204 3907 1286 3963 1538.

358 3983 391 4045 4)
412 3983 442 4033 ln
463 3981 505 4034 ed.
529 3982 613 4036 1558:
635 3980 760 4034 adversa.
791 3980 823 4048 5)
845 3980 907 4050 „Ex
926 3978 1148 4033 Decretaliboa“.
1167 3978 1286 4033 Loeaeir.
