3075 4750
373 492 437 560 iit
488 507 492 517 '
674 437 680 473 t
700 481 849 554 Sermousa
867 491 977 555 turturi

374 683 448 808 {pra
476 665 581 725 omnia
609 671 680 725 sunt
705 665 804 728 Patris
830 665 926 729 solius
953 671 985 729 et
1012 667 1071 729 soli
1097 665 1174 728 Filio
1210 665 1293 728 data.

436 750 480 807 ita
499 765 558 808 nos
588 750 729 809 evaenati
763 751 848 810 omni
878 751 1058 831 cognitione
1086 767 1227 830 prorsus,
1256 766 1294 808 ao

373 849 430 912 per
448 829 511 889 hoe
530 831 592 888 iam
612 832 732 912 parvuli
753 838 785 893 et
807 835 887 914 apti,
915 833 1024 914 quibus
1051 832 1169 894 revelet
1200 832 1294 892 Peter

375 932 441 992 sua,
464 911 574 992 quibus
594 914 713 975 revelet
734 921 765 975 et
785 915 880 976 Filius
902 935 972 995 sua,
994 918 1014 979 i.
1037 935 1064 978 e.
1085 915 1192 976 eadem
1213 921 1293 975 uter-

374 1013 437 1078 que
456 994 590 1075 revelat,
612 1003 644 1057 et
662 997 746 1058 idem
766 998 903 1077 revelet,
932 1019 994 1060 una
1014 999 1179 1077 revelatio,
1214 1017 1294 1058 unus

372 1077 536 1139 revelator.
578 1077 739 1142 Glorilieat
759 1081 850 1142 Pater
869 1081 994 1163 Filium,
1023 1088 1054 1144 et
1074 1079 1227 1164 glorifloat
1248 1081 1294 1140 Fi-

372 1161 432 1223 lius
458 1161 601 1242 Patrem,
636 1170 670 1224 ut
699 1165 732 1224 in
762 1163 907 1225 iohanne
929 1165 1047 1227 dieitur.
1089 1165 1183 1226 Disoe
1205 1182 1294 1244 ergo,

374 1243 425 1305 ubi
447 1244 486 1305 sit
506 1246 673 1326 sapientia,
694 1247 745 1308 ubi
766 1249 880 1328 virtus,
902 1248 953 1310 ubi
975 1247 1187 1330 intelligentia.
1235 1247 1294 1306 Bn-

373 1327 448 1387 rneh
469 1329 512 1388 ait
533 1347 599 1410 oap.
622 1331 657 1393 3:
698 1329 826 1410 Utrique
843 1331 928 1392 Deus
951 1338 1057 1393 noster
1078 1330 1162 1392 solus
1174 1331 1297 1390 invenit

374 1429 458 1470 eam:
480 1429 555 1492 ergo
577 1430 640 1472 non
662 1431 702 1473 ex
722 1412 822 1492 nobis,
845 1432 903 1474 neo
921 1415 954 1475 in
975 1415 1076 1494 nobis,
1096 1413 1151 1474 sed
1173 1413 1204 1472 in
1223 1413 1294 1473 Deo

374 1493 564 1574 quaerenda:
595 1495 647 1554 hio
668 1514 736 1556 earn
756 1495 881 1558 tradidit
915 1497 1013 1559 leoob
1043 1515 1139 1579 puero
1176 1513 1234 1556 suo
1263 1501 1297 1555 et

372 1577 468 1638 Israel
489 1577 589 1638 eleeto
611 1596 678 1640 suo.
710 1578 834 1641 litloh.
856 1581 914 1642 12:
938 1597 1007 1640 oum
1029 1579 1295 1658 exaltatussuero,

373 1660 479 1721 omnia
507 1661 627 1720 traham
656 1660 696 1722 ad
725 1679 776 1722 me
801 1663 910 1743 ipsum.
958 1661 1042 1744 Ergo
1072 1662 1147 1723 nihil
1168 1662 1295 1740 reliquit

373 1742 484 1805 nobis?
504 1742 551 1803 Ita
573 1761 657 1804 sane.
699 1744 759 1806 Ubi
781 1763 855 1826 ergo
878 1746 1054 1826 sapientes?

455 1825 538 1887 Seite
570 1826 690 1907 itaque,
720 1827 803 1907 quod
833 1829 963 1904 iustitia,
995 1829 1105 1908 virtus,
1126 1826 1295 1912 ¹sapientia

372 1915 480 1969 nostre
500 1908 541 1968 sit
555 1909 622 1988 ipse
633 1909 781 1990 Christus,
803 1911 900 1972 aDeo
913 1911 1002 1972 nobis
1017 1913 1124 1990 iaetus,
1145 1911 1177 1969 in
1200 1927 1293 1988 quem

372 1992 475 2072 posuit
485 1991 569 2052 Deus
586 1992 677 2053 Pater
689 2011 813 2056 ornnem
836 1995 1028 2075 sapientiam,
1050 1995 1186 2070 virtutes,
1207 1993 1294 2052 iusti·

371 2075 445 2135 tiam
469 2093 572 2153 suam,
599 2081 633 2135 ut
653 2083 760 2147 nostra
780 2075 880 2138 fieret:
908 2077 969 2138 hoo
991 2083 1042 2157 est,
1058 2095 1152 2138 nosse
1172 2075 1294 2136 Filium.

372 2156 493 2218 Deinde
514 2159 600 2238 soite,
622 2158 705 2238 quod
718 2159 810 2220 Pater
829 2159 1070 2221 misericordiam
1092 2178 1179 2220 suam
1200 2157 1293 2221 nobis

374 2246 495 2322 reputet
516 2241 662 2302 iustitiam
683 2242 752 2302 Filii
775 2243 837 2322 sui,
865 2245 885 2304 i.
915 2263 942 2304 e.
972 2263 1059 2304 suam
1079 2243 1190 2323 ipsius,
1219 2243 1295 2320 quia

374 2323 482 2386 eadem
505 2330 553 2385 est
573 2325 687 2386 iustitia
705 2325 802 2386 Putris
825 2332 856 2387 et
876 2325 954 2406 Filii,
977 2325 1086 2388 eedem
1098 2326 1172 2405 vita,
1195 2325 1293 2386 virtus

372 2408 463 2471 nobis
485 2407 615 2487 donata,
641 2409 702 2470 hoo
723 2416 771 2470 est
790 2406 892 2471 nossex
905 2410 1026 2471 Patrem
1046 2410 1167 2472 Christi.
1203 2408 1294 2469 Haeo

250 2556 254 2565 ,
373 2498 476 2552 autern
497 2491 686 2573 sapientibus
707 2493 752 2553 ita
763 2500 834 2553 sunt
854 2493 1045 2573 absoondita,
1067 2500 1109 2573 ut,
1128 2511 1195 2552 eum
1213 2492 1293 2551 haee

373 2574 538 2654 audierint,
566 2575 668 2635 stetim
704 2576 857 2656 garriant:
915 2574 986 2637 Non
1014 2594 1177 2657 operemur
1197 2574 1293 2652 bone,

370 2658 521 2719 faoiamus
541 2658 632 2736 mala,
654 2664 688 2718 ut
707 2655 834 2719 veniant
854 2658 952 2720 bonas
975 2660 1001 2719 si
1014 2666 1162 2719 extranee
1174 2658 1294 2717 iustitia

373 2748 406 2801 et
427 2741 484 2801 Dei
506 2739 574 2800 sola
594 2741 805 2802 misericordia
824 2742 895 2809 iusti
918 2758 1038 2821 sumus,
1062 2742 1155 2804 otiosi
1184 2742 1292 2820 simus,

374 2822 524 2903 siquidem
546 2829 651 2884 nostra
671 2832 766 2906 opera
787 2823 862 2885 nihil
881 2832 960 2905 sunt,
983 2844 1042 2887 neo
1063 2824 1215 2905 sapientie
1237 2823 1292 2883 ali-

374 2907 447 2986 quid
469 2912 524 2969 est.
568 2906 628 2987 Sia,
650 2909 695 2966 sie
716 2907 893 2988 loquuntur,
916 2909 967 2989 qui
989 2908 1145 2989 sapientes
1165 2912 1196 2967 et
1216 2907 1292 2966 iusti

373 2997 445 3051 sunt
463 2989 564 3068 nimis,
582 2992 639 3070 -qui
661 2992 687 3049 si
707 2992 805 3072 primo
827 2990 946 3072 parvuli
968 2997 1088 3070 essent,
1115 2998 1149 3051 nt
1168 2990 1292 3049 Patrem

373 3078 406 3133 et
435 3072 543 3133 Filium
570 3074 710 3154 aoeipere
742 3074 933 3135 revelantem
963 3094 997 3135 se
1022 3076 1123 3155 ipsum
1152 3080 1292 3153 possent,

373 3154 453 3216 hano
472 3152 684 3235 quaestionem
704 3156 795 3218 iaoile
808 3156 976 3219 solverent.
1012 3157 1203 3236 Quamquam
1225 3175 1291 3216 non

373 3240 434 3299 sint
455 3239 555 3319 otiosi,
578 3241 608 3298 in
632 3238 742 3319 quibus
753 3240 906 3320 sapientis
918 3240 1055 3301 Christus
1077 3240 1211 3301 revelate
1232 3246 1292 3316 est,

373 3323 477 3403 etqui
497 3340 561 3383 non
583 3324 643 3382 ianr
664 3324 732 3403 ipse
753 3319 809 3383 sed
830 3321 967 3383 Christus
989 3324 1021 3383 in
1042 3342 1080 3385 eo
1099 3324 1183 3383 vivit.
1217 3321 1290 3383 Non

333 3442 339 3467 .
372 3412 421 3466 est
440 3404 647 3485 metuendum,
669 3424 710 3466 ne
727 3406 866 3467 Christus
889 3408 928 3467 sit
950 3408 1077 3486 otiosus,
1098 3408 1160 3466 imo
1182 3410 1291 3465 notun

372 3490 511 3550 sissimus
533 3495 596 3566 est,
626 3494 657 3549 et
682 3488 713 3549 id
743 3491 843 3569 ipsum
871 3508 941 3549 oum
971 3491 1055 3549 omni
1084 3489 1237 3549 suavitate
1259 3495 1293 3548 et
1380 3486 1381 3540 l

370 3572 535 3651 facilitate,
558 3571 610 3633 ubi
633 3571 678 3631 illi
698 3590 755 3633 sua
777 3574 927 3652 snpientia
949 3578 980 3632 et
1001 3572 1117 3633 iustitis
1135 3570 1290 3651 laborant,

371 3657 499 3734 sudant,
533 3662 699 3716 onerantur
720 3657 798 3715 mira
824 3656 970 3735 mysteria
992 3662 1024 3716 et
1044 3655 1163 3715 frustra.
1207 3654 1290 3715 Nam

371 3821 579 3882 eonscientiae
600 3822 825 3902 pervenire-et
844 3838 907 3881 non
929 3825 1002 3881 ante
1021 3840 1167 3901 pausare,
1194 3838 1290 3899 quarn

370 3904 544 3987 intelligant
583 3924 640 3965 sua
674 3909 803 3985 peecata
838 3902 1048 3965 aelidiaotione
1080 3920 1229 3986 purgasse
1258 3910 1292 3965 et

245 3766 249 3774 =
371 3740 433 3799 suis
453 3738 592 3799 ‘consiliis
614 3746 645 3797 et
666 3738 773 3798 studiis
796 3743 828 3798 et
853 3739 913 3799 viis
933 3738 1069 3799 nituntur
1091 3737 1131 3799 ad
1152 3738 1291 3816 quietem
1379 3756 1380 3777 ι
