3075 4750
289 408 295 417 Ι
335 452 398 521 392
617 458 800 515 holmum
836 453 965 513 conum.

340 625 517 708 mplediotio
539 644 603 690 oon
625 626 797 689 venialibus
818 627 990 693 attribuitur
1009 626 1167 709 pensatis,
1187 643 1262 707 sugo

340 708 493 776 mortalia.
512 716 592 772 suut.
640 708 745 777 Tertio
777 708 867 773 Rom.
895 714 929 777 2:
972 707 1055 787 Quid
1082 709 1181 773 dones
1201 727 1263 773 non

337 792 515 871 furandum,
540 792 657 855 furaris.
707 792 800 869 Quod
831 794 865 857 B.
895 794 1086 875 Augustinus
1125 792 1263 873 exponit,

340 875 575 953 soilioatrea1)
599 875 758 937 voluntate
790 884 862 937 sunt
882 877 979 957 fures,
1011 878 1069 937 etsi
1092 875 1168 937 foris
1190 874 1264 935 iudi·
1367 926 1368 937 ,

339 966 411 1019 nent
433 978 471 1020 oo
493 958 627 1020 doceant
647 960 726 1020 alios
747 960 839 1021 iures.

772 1086 823 1151 lv.
849 1090 852 1097 '

390 1180 394 1215 ²
422 1203 525 1285 Opera
545 1173 613 1283 Dei,
637 1210 670 1264 ut
688 1177 811 1285 semper
833 1205 895 1265 sint
922 1202 1089 1283 deformia,
1121 1204 1266 1283 malaque
1350 1278 1358 1287 ν

340 1286 511 1366 videantur,
531 1306 605 1349 vere
627 1294 729 1351 tamen
751 1298 824 1351 sunt
844 1288 951 1352 merita
973 1287 1172 1350 immortalia.

426 1368 529 1453 Opera
539 1368 596 1434 Dei
609 1390 679 1433 esse
690 1371 851 1449 deformia,
862 1376 1015 1451 patetpar
1025 1369 1103 1437 illud
1114 1370 1266 1436 Erato&
1314 1404 1321 1413 =

331 1452 424 1521 dion·
446 1460 495 1515 est
524 1454 553 1516 ei
581 1456 701 1534 speeies
734 1471 836 1535 neque
862 1453 972 1532 deoor,
1004 1459 1035 1515 et
1065 1456 1092 1517 i.
1117 1452 1200 1535 aeg.
1233 1455 1267 1517 2:

341 1536 491 1621 Dominus
513 1535 677 1599 mortificat
698 1544 729 1598 et
753 1536 905 1616 vivificat,
942 1535 1067 1599 deducit
1088 1536 1127 1601 ad
1150 1536 1268 1599 inferos

342 1627 374 1685 et
393 1618 521 1688 redusit.
563 1618 632 1686 1100
653 1620 699 1683 sio
719 1620 909 1703 intelligitur,
932 1618 1017 1699 quod
1037 1618 1191 1681 Dominus
1214 1619 1268 1684 hn-

342 1701 440 1771 milist
468 1709 500 1765 et
527 1704 737 1784 perterrefacit
765 1723 824 1770 nos
846 1702 929 1784 Lego
950 1709 983 1765 et
1003 1706 1175 1782 oonspeotu
1197 1722 1269 1783 pso
1376 1756 1377 1761 ,

342 1792 481 1858 saturum
504 1793 691 1861 nostrorum,
712 1794 745 1847 ut
765 1793 828 1847 tum
844 1794 949 1849 turam
965 1784 1151 1861 hominibus,
1165 1804 1269 1865 quam

343 1888 448 1938 torum
467 1868 560 1936 nobis
580 1868 739 1929 videamur
759 1888 830 1929 esse
853 1869 947 1949 nihil,
967 1866 1068 1947 stulti,
1091 1868 1181 1947 mali,
1204 1869 1270 1931 imo

343 1970 415 2016 rere
444 1950 522 2013 tales
550 1971 665 2013 sumus.
713 1951 804 2027 Quod
838 1970 908 2013 oum
941 1951 1138 2032 agnoscimus
1174 1959 1271 2031 atque
1378 1972 1379 1975 ¹

343 2032 533 2110 eonfitemur,
556 2033 690 2095 nuileio
714 2035 803 2097 nobis
828 2034 1015 2115 estapecies
1038 2052 1140 2113 neque
1162 2034 1270 2112 deoor,

343 2115 397 2177 sed
425 2117 554 2176 vivimus
585 2118 615 2176 io
645 2117 829 2179 sbsoondito
860 2118 920 2178 Dei
953 2116 1001 2189 (id
1034 2125 1096 2191 est,
1129 2118 1162 2177 in
1184 2116 1271 2177 nuda

343 2197 457 2260 iiduoia
478 2199 707 2260 miseridordiae
729 2196 815 2276 eius)
861 2202 892 2259 iu
926 2199 1016 2261 nobis
1042 2198 1194 2260 habentes
1224 2219 1270 2261 re-

343 2301 357 2343 s
382 2301 492 2346 onsum
513 2283 645 2365 peccati,
667 2284 825 2361 stultitiae,
849 2284 955 2345 mortis
979 2289 1010 2345 et
1031 2282 1159 2361 inserui,
1181 2282 1272 2344 iuxta

323 2303 418 2434 -illud
439 2365 584 2446 Apostoli
604 2368 634 2430 2.
650 2366 787 2430 Corinth.
810 2371 848 2432 6:
872 2364 989 2444 -Quasi
1010 2366 1122 2444 tristes,
1144 2385 1272 2448 semper

343 2455 447 2510 summ
475 2449 662 2530 gaudentes,
695 2452 782 2530 quasi
804 2451 935 2528 mortui,
963 2455 994 2510 et
1024 2467 1098 2510 eoos
1124 2448 1271 2524 vivimus.

342 2532 382 2601 Et
402 2532 463 2593 hoo
485 2539 541 2613 est,
563 2532 646 2612 quod
666 2533 776 2613 Esaias
800 2533 874 2614 Cap.
905 2535 955 2599 28.
979 2539 1071 2594 vooot
1092 2551 1172 2613 opus
1195 2533 1271 2593 alie

344 2635 416 2683 num
437 2615 506 2694 Dei,
528 2622 561 2676 ut
582 2623 725 2695 operetur
747 2636 825 2697 opus
849 2636 944 2678 sunm¹
962 2611 1098 2694 (id‘ast,
1127 2634 1188 2676 nos
1216 2615 1271 2678 hu-

345 2698 440 2773 miliat
461 2698 492 2758 in
515 2697 619 2776 nobis,
642 2699 842 2780 desperantes
864 2699 996 2778 faciens,
1031 2685 1068 2760 ul
1092 2697 1209 2758 exaltet
1238 2699 1271 2764 io

344 2801 400 2849 sus
421 2779 640 2854 misericordia,
663 2788 824 2863 sperantes
839 2781 981 2861 inciens),
1003 2781 1082 2842 siout
1100 2779 1220 2845 Habao.
1235 2784 1272 2848 3:

337 2863 422 2942 ¹Cum
442 2864 537 2927 natus
558 2863 660 2941 fueris,
683 2863 911 2928 misericordiae
923 2863 1144 2928 recordaberis.
1184 2863 1272 2928 Talis

256 2962 265 2978 ’
312 2945 779 3095 .3itt.¹}⁰¹lt.ll.‘¹³³¹'l‘.t‘
793 2946 1272 3103 llstllltltlddli

344 3110 437 3191 uidet.
464 3111 545 3192 ,Iuro
567 3112 627 3184 iarn
649 3077 724 3187 ’ioris
746 3113 837 3193 ipsit,
852 3098 939 3194 'quse
959 3113 1026 3183 aliis
1049 3111 1143 3190 stulte
1164 3118 1196 3174 et
1218 3111 1271 3174 de-

344 3186 454 3282 infmia
474 3193 625 3271 ¹vitientur.
731 3253 735 3257 .
768 3236 773 3249 ·

336 3334 352 3349 ,,
373 3337 376 3345 ,
425 3266 475 3341 Fir
496 3284 598 3355 sutem
628 3277 807 3342 deformitas
828 3277 882 3340 illa
902 3279 933 3341 in
951 3277 1057 3358 nobis,
1085 3277 1136 3338 vel
1158 3298 1179 3338 a·
1200 3277 1270 3340 Deo

336 3359 534 3444 flagellante,
555 3361 605 3422 vel
626 3381 645 3422 a
666 3361 755 3423 nobis
777 3363 853 3444 ipsis
878 3359 1064 3440 accusando,
1084 3361 1172 3424 iuxta
1193 3359 1270 3422 illud

347 3450 374 3514 1.
399 3441 536 3522 Corinth.
559 3447 594 3509 2:
618 3443 650 3504 si
672 3464 731 3506 nos
750 3446 838 3526 ipsos
857 3444 1072 3523 i'udionremus,
1089 3462 1151 3505 uon
1166 3444 1272 3524 utique

347 3526 587 3606 'udiooremur‘a
617 3525 763 3600 Domino.
803 3527 873 3592 Hoo
894 3533 951 3606 est,
979 3527 1060 3607 quod
1087 3527 1179 3588 Dent.
1213 3529 1270 3592 32:

336 3548 496 3685 ,luricatis
516 3609 668 3673 Dominus
688 3611 836 3707 populum
861 3631 959 3688 snum,
981 3618 1012 3672 et
1032 3611 1063 3672 iu
1086 3610 1183 3671 servis
1206 3610 1270 3670 suis

347 3691 588 3773 depretiabitur.¹
617 3693 668 3755 flio
688 3702 792 3774 itaque
806 3693 1072 3776 operodeiormia,
1095 3693 1269 3774 quaoDeus
1299 3763 1301 3778 Ι

346 3777 378 3834 ἰη
401 3774 490 3836 nobis
514 3785 658 3855 operatur
681 3775 730 3859 (id
752 3785 809 3857 est,
831 3777 963 3866 humilia
981 3779 1012 3836 el
1035 3776 1178 3837 timorata
1200 3782 1281 3836 sunt

404 3958 686 4033 iJLoesch.:rei.⁸
748 4030 752 4038 ,
811 3967 845 4036 ..⁸
