3075 4750
432 527 460 579 et
477 522 619 578 volume
634 519 756 578 ¹hominis
774 525 836 578 ¹eine
855 524 952 594 gretie.
1102 518 1165 586 243

245 690 328 771 qnod
360 692 463 752 minus
494 696 544 752 est
573 692 606 752 in
638 690 729 753 ustis
762 706 820 773 per
850 690 1071 772 plenitudinem
1100 692 1165 751 eius

245 776 457 855 suppleamus:
494 776 562 856 ipse
592 776 675 836 enim
695 780 765 835 -est
787 776 902 836 iustitis
931 778 1039 836 nostre
1069 774 1167 854 solue

246 857 348 919 teneo
369 856 582 937 smmumw)
604 858 783 919 eonfomres
802 858 928 940 imagini
950 860 1024 921 eins.
1084 900 1087 909 «

546 964 844 1072 *Corollorium
1081 1085 1085 1095 ‚
1114 1073 1117 1079 Ι

297 1101 410 1168 Omnis
429 1105 526 1165 iustus
547 1102 598 1165 vel
619 1104 699 1165 inter
718 1104 799 1166 bene
820 1103 974 1185 egendum
995 1110 1116 1185 penest.

332 1209 435 1271 Probo
467 1226 531 1289 per
550 1208 627 1270 illud
654 1208 781 1271 Eeoies:
824 1210 895 1279 Non
928 1216 976 1271 est
1004 1212 1102 1271 iustus
1135 1210 1167 1270 in

248 1301 344 1370 terro,
377 1292 428 1373 qui
457 1292 551 1353 faeiat
581 1291 661 1353 bene
689 1298 721 1354 et
740 1313 804 1354 non
825 1300 945 1374 peoeet.
987 1293 1045 1354 Hie
1064 1298 1167 1354 eutem

248 1375 285 1436 nb
307 1376 377 1435 eliis
404 1375 527 1454 dieitur,
559 1374 642 1456 quod
662 1376 760 1437 iustus
783 1376 905 1457 quidem
927 1378 1026 1439 omnis
1048 1382 1167 1455 peooetg
1286 1408 1292 1423 κ

250 1458 302 1519 sed
329 1477 394 1519 non
421 1457 543 1537 quando
573 1458 652 1520 bene
671 1458 755 1523 feeit.
805 1458 922 1534 Quibus
950 1456 1167 1539 respondetur:

250 1541 280 1603 si
304 1540 337 1602 iu
358 1540 454 1601 vellet
473 1542 555 1616 hsee
576 1544 758 1617 auotoritas,
793 1542 865 1621 quid
886 1541 1047 1623 superfluis
1069 1542 1172 1621 opus?

249 1624 311 1685 Aut
331 1620 489 1705 Striptnre
510 1624 541 1685 Β.
563 1622 733 1685 delectatur
754 1625 949 1705 inultiioquio
972 1630 1003 1685 et
1023 1625 1168 1707 imagino-
1227 1700 1231 1707 x

249 1709 345 1771 tione.
377 1706 457 1767 Nem
478 1708 537 1768 iste
559 1716 668 1768 sensns
691 1708 798 1769 inisset
819 1728 838 1769 a
858 1708 971 1769 mundo
989 1710 1034 1769 sio
1046 1726 1168 1788 expres-

250 1808 313 1851 sus:
350 1807 416 1851 non
440 1798 491 1851 est
519 1791 617 1851 iustus
643 1790 674 1850 in
701 1796 798 1869 term,
822 1793 874 1871 qui
895 1810 958 1853 non
980 1796 1107 1871 peooet3
1129 1790 1169 1852 ud

250 1872 320 1953 qnid
341 1873 470 1953 nd'ditu‘r,
493 1874 545 1952 qni
565 1873 645 1934 bene
666 1873 761 1933 isoit?
794 1873 888 1949 Quasi
909 1874 987 1935 elius
1006 1876 1048 1934 sit
1061 1875 1168 1953 iustus,

249 1958 300 2036 qui
320 1958 417 2018 faeiat
436 1956 534 2035 male,
562 1974 627 2017 non
658 1958 742 2018 enim
768 1958 827 2016 nisi
856 1958 952 2018 iustus
980 1957 1053 2018 fouit
1073 1956 1169 2020 bene:

250 2047 288 2100 st·
317 2039 371 2102 ubi
402 2039 441 2099 de
468 2040 605 2120 peoeetis
638 2046 727 2099 ann
752 2039 915 2101 benefecta
940 2041 1090 2120 loquitur,
1126 2040 1171 2099 sio

250 2122 338 2183 dioit:
369 2122 490 2203 Septies
523 2124 556 2182 in
586 2122 636 2181 die
669 2122 751 2181 ondit
779 2123 892 2203 iustus3
925 2124 976 2183 hio
1006 2142 1069 2184 non
1097 2122 1170 2183 dioit

250 2208 364 2288 septies
383 2206 416 2265 in
438 2204 488 2266 die
510 2204 594 2265 ondit
612 2205 874 2289 iustuquuando
890 2204 1051 2268 benefacit.
1086 2206 1087 2211 ’

328 2286 475 2351 Secundo
503 2303 559 2369 per
589 2286 665 2348 illud
691 2288 825 2369 apostoli
853 2288 943 2351 Rom.
966 2285 1036 2349 VII:
1076 2287 1171 2363 ‘Quod

249 2372 322 2436 nolo
345 2370 470 2451 malum,
491 2370 554 2432 hoe
568 2390 640 2452 nge,
663 2370 745 2452 quod
769 2374 841 2434 volo
866 2370 992 2452 bonum,
1014 2389 1077 2433 non
1099 2386 1170 2453 ugo,

250 2462 281 2518 et
300 2458 333 2516 in
356 2455 465 2517 eedem
496 2473 588 2515 eausa
611 2454 810 2517 condelector
830 2455 901 2538 lege
921 2457 979 2516 Dei
1002 2454 1170 2529 seeundum

250 2540 427 2600 interiorem
447 2539 620 2619 hominem,
649 2535 741 2600 video
769 2547 873 2599 eutem
900 2540 993 2600 aliem
1014 2539 1116 2621 legem
1137 2540 1168 2597 in

251 2623 395 2684 membris
436 2623 528 2696 meis,
565 2625 788 2704 repugnantem
832 2623 893 2704 legi
928 2623 1039 2684 mentis
1073 2637 1169 2681 mene.

251 2704 332 2767 Eone
355 2704 444 2765 timul
466 2703 636 2765 delectetur
656 2711 688 2765 et
709 2702 851 2786 displicet
862 2708 893 2765 in
907 2705 978 2786 iege
990 2703 1057 2782 Dei,
1080 2701 1173 2764 simul*
1267 2721 1278 2748 ⁸-

250 2789 314 2850 vult
334 2787 466 2867 bonurn,
501 2795 532 2848 et
551 2794 661 2848 ¹tumen
688 2788 749 2849 hoo
775 2807 838 2848 non
861 2790 942 2870 agit,
976 2787 1030 2848 sed
1052 2788 1171 2858 eontra·

249 2874 335 2934 rium.
372 2869 442 2932 Hoc
460 2870 565 2950 itaque
578 2872 761 2932 contr-orium
782 2871 933 2950 quaedum
952 2877 1000 2932 est
1018 2871 1171 2949 noluntsu

250 2970 329 3036 quoe
358 2968 481 3035 semper
509 2960 570 3033 est,
603 2953 726 3034 quondo
751 2955 799 3016 est'
819 2955 970 3016 uoluntas.
1014 2953 1072 3014 Per
1092 2953 1172 3014 huno

204 3050 212 3059 ·
248 3037 420 3118 benefecit,
458 3041 490 3097 et
507 3054 563 3117 per
583 3037 667 3097 illam
696 3037 779 3098 male
809 3039 890 3098 iuuit.
933 3037 1026 3099 Nolle
1043 3043 1107 3096 ‘est
1132 3050 1173 3096 ex

248 3123 370 3184 ratione
399 3120 431 3181 et
456 3117 538 3180 veile
565 3139 605 3180 ex
634 3121 749 3200 spiritu.
806 3120 879 3182 ideo
911 3119 953 3182 ibi
980 3125 1098 3181 tanturn
1125 3123 1174 3180 *est

247 3206 380 3286 peceati,
403 3210 549 3284 quantum
570 3203 748 3282 uoluntatis,
775 3197 961 3264 diffienltutis
982 3203 1173 3265 et'res'istem

249 3291 328 3367 tiee3
351 3287 393 3351 od
413 3289 532 3347 tuntum
552 3286 594 3348 ibi
610 3287 719 3363 meriti,
743 3289 889 3366 quantum
906 3287 1082 3363 voluntatis,
1104 3289 1173 3364 pro-⁴

249 3371 365 3451 nitetis,
384 3360 551 3448 fibertate,
571 3367 742 3432 hilaritatis.
785 3367 881 3440 Mixto
902 3371 990 3430 eninr
1006 3377 1076 3428 sunt
1096 3367 1174 3426 heeo

249 3451 316 3517 duo'
331 3454 365 3514 in
388 3454 476 3514 omni
494 3453 558 3513 vite
579 3458 611 3513 et
631 3453 829 3532 operatione3
851 3454 908 3518 etsi
930 3454 969 3512 sit
981 3457 1047 3513 totu
1066 3449 1173 3510 nolun-

249 3545 311 3617 ms,
333 3534 469 3598 inmest
489 3545 651 3617 peoostum
674 3541 706 3595 et
727 3535 891 3611 adversio,
914 3539 980 3596 tots
996 3539 1097 3594 autern
1116 3549 1171 3592 vo·

250 3622 353 3682 luntas
371 3621 406 3680 in
428 3617 487 3679 hau
507 3620 571 3680 vite
591 3636 655 3679 non
678 3624 741 3698 est„
763 3619 834 3680 ideo
857 3634 979 3698 semper
998 3631 1173 3697 pessumus,

251 3703 322 3764 dnm
356 3698 580 3784 benefecimus,
620 3701 806 3782 quandoque
836 3701 953 3779 minus,
988 3697 1174 3778 quandoque

253 3789 363 3868 magis,
385 3785 465 3846 hoec
486 3785 567 3844 enim
589 3790 637 3845 est
657 3794 752 3845 eeuse
782 3782 864 3864 quod
885 3801 949 3844 uon
967 3782 1174 3842 uit'instus'in

255 3877 344 3950 terra,
367 3869 419 3950 qui
443 3866 616 3948 beneficiet,
639 3870 670 3928 et
691 3886 753 3928 non
776 3870 894 3948 peccet,
916 3869 963 3926 est
983 3870 1084 3924 eutem
1107 3863 1175 3924 tuiis

303 4032 334 4104 “)
353 4007 484 4089 libentii:
501 4014 664 4088 efficiemus.

898 4153 961 4221 16*
1024 4162 1030 4175 “
