3075 4750
317 457 337 522 6
679 493 682 501 ,
702 451 840 512 Praefatio

317 643 366 687 rea
396 618 567 684 admirabili
593 617 724 698 quadam
756 617 989 681 continuatione
1022 621 1054 676 et
1085 617 1165 676 serie
1195 615 1242 677 ita

318 707 521 786 explicantur,
545 709 577 760 ut
598 720 656 762 nec
677 701 847 780 peregrinis
869 700 990 778 scriptis
1012 717 1071 758 nec
1092 699 1240 759 versioni·

317 789 373 848 bus
397 786 485 846 valde
508 804 585 863 opus
608 785 656 844 sit.
699 783 798 854 Nemo
820 783 912 862 igitur
945 782 1022 842 tales
1044 788 1238 849 ,commenta

318 873 417 934 bones
439 870 469 926 in
492 869 528 926 iis
541 867 684 944 requirat,
698 867 765 933 nisi
790 866 830 927 ad
842 866 989 927 historiae
1000 864 1240 943 intelligentiam

318 971 446 1014 necesse
470 951 508 1008 sit
532 949 683 1027 quaedam
707 968 745 1009 eur
766 949 829 1009 hoe
849 967 964 1028 genere
986 947 1139 1012 intertexi.

400 1033 476 1094 Cum
499 1039 601 1092 autem
624 1031 839 1093 dissimilitudo
862 1027 1241 1110 scriptorum1D.Lutberi

316 1137 379 1178 nun
403 1113 496 1176 modo
512 1114 695 1176 adversariis
721 1114 929 1174 calumniandi
942 1113 1140 1175 occasionem
1152 1132 1238 1192 prae-

317 1200 400 1274 beat,
425 1197 480 1257 sed
503 1198 594 1257 etiam
616 1198 685 1276 pios
707 1202 738 1258 et
761 1197 910 1256 candidos
932 1196 1064 1256 lectores
1085 1194 1240 1256 interdum

318 1280 470 1356 offendat,
498 1281 675 1340 necessaria
703 1278 874 1341 admonitio
897 1279 967 1343 ‚hoc
987 1278 1059 1338 loco
1080 1277 1240 1350 recitanda

320 1369 382 1436 est,
416 1369 449 1422 ut
471 1367 502 1424 et
525 1363 630 1422 hostes
661 1362 814 1442 evangelii
836 1357 1025 1440 ἀντιλογίας
1053 1347 1241 1438 adscriptis

215 1473 219 1476 ·
316 1446 443 1506 Lutheri
466 1435 793 1529 colligeredesinant,
816 1451 847 1505 et
868 1445 910 1523 pii
934 1444 1050 1504 maiore
1071 1442 1184 1511 iudicio
1209 1451 1241 1504 at

318 1528 453 1589 candore
475 1529 506 1586 in
529 1528 575 1588 his
594 1527 735 1606 legendis
756 1533 927 1591 versentur.
971 1525 1125 1600 Quantum
1147 1527 1241 1606 igitur
1275 1588 1279 1596 ,

319 1630 432 1676 aurora
456 1631 474 1669 a
496 1611 565 1670 luce
593 1610 761 1670 meridiana
788 1609 896 1686 distat,
914 1615 1047 1670 ,tantum
1073 1607 1239 1671 discrimen

317 1701 364 1753 est
386 1695 466 1755 inter
488 1692 717 1768 librosLutheri
740 1693 925 1772 aprincipio
948 1693 1090 1771 scriptos,
1112 1692 1164 1771 qui
1178 1691 1241 1767 hoc

318 1783 402 1836 tomo
427 1776 639 1851 continentur,
669 1781 700 1834 et
721 1793 776 1834 eos
800 1794 878 1854 quos
905 1775 1061 1854 aliquanto
1084 1781 1158 1854 post
1178 1775 1239 1834 edi-

318 1858 371 1918 dit.
414 1857 480 1916 lltsi
504 1858 584 1918 enirn
607 1859 637 1916 iu
660 1855 812 1918 vestibulo
832 1877 954 1933 causae,
978 1877 1047 1918 cum
1068 1858 1192 1936 papista
1208 1864 1242 1917 et

318 1941 424 2002 haberi
447 1947 478 1998 et
500 1941 652 2001 nominari
674 1939 779 2018 vellet,
801 1940 954 2018 quaedam
975 1940 1156 2000 antichristo
1178 1939 1239 2001 Ro-

318 2043 409 2084 mano
433 2023 603 2100 concessit,
631 2028 732 2082 tamen
756 2031 867 2102 postea
895 2030 1054 2084 crescente
1076 2023 1145 2082 luce
1167 2021 1240 2094 fidei

317 2107 347 2165 in
372 2106 526 2164 exercitiis
548 2107 769 2184 poenitentiae,
792 2108 825 2167 in
846 2106 1021 2185 pavoribus,
1043 2107 1074 2166 in
1097 2125 1239 2185 persecu·

318 2188 402 2248 tione
426 2195 456 2248 et
479 2187 760 2266 consolationibus,
793 2189 871 2249 haec
899 2196 999 2248 errata
1026 2208 1090 2251 non
1112 2189 1240 2268 agnovit

317 2270 432 2346 solum,
463 2269 518 2330 sed
542 2271 846 2332 etiamemendavit.
890 2273 964 2332 Erat
985 2273 1076 2350 enim,
1098 2278 1130 2330 ut
1153 2271 1240 2335 multi

316 2360 439 2433 norunt,
460 2372 523 2414 non
540 2353 664 2433 Epicuri
684 2353 722 2415 de
744 2375 839 2435 grege
851 2375 974 2434 porcus,
986 2354 1051 2417 sed
1067 2355 1239 2419 monachus

317 2456 456 2497 severam
489 2437 681 2516 disciplinam
703 2447 864 2517 praestans
893 2447 924 2499 et
945 2458 1019 2499 vera
1040 2439 1239 2501 animi-reve·
1264 2484 1282 2495 -

313 2521 412 2579 nentia
435 2525 465 2579 et
477 2519 667 2581 subiectione
680 2541 794 2600 papam
815 2521 932 2582 colens.
975 2522 1083 2599 ltaque
1094 2522 1125 2579 in
1137 2523 1238 2600 prima

314 2603 536 2681 congressione
559 2622 752 2681 nequaquam
777 2604 805 2662 ei
835 2611 951 2663 certum
974 2603 1238 2683 deliberatumque

314 2690 393 2759 erat,
417 2684 549 2745 Romani
572 2682 726 2763 pontilicis
755 2684 926 2747 doctrinam
955 2686 1004 2747 vel
1039 2687 1236 2760 autoritatem

314 2765 510 2842 labefactare,
531 2766 586 2825 sed
601 2766 661 2825 huc
683 2786 795 2827 nervos
818 2776 911 2847 atque
922 2770 1003 2829 vires
1016 2770 1235 2849 contendebat,

315 2854 347 2931 ut
374 2847 523 2907 inviolata
550 2848 652 2929 Papae
680 2850 1014 2931 dignitataclarnores
1043 2852 1234 2931 quorundam

314 2930 576 3010 sycophantarum
598 2933 811 3018 refutarentur,
833 2935 885 3012 qui
907 2941 984 2995 tetre
1006 2936 1147 3015 acimpie
1165 2954 1234 2998 cum

313 3033 433 3073 summa
456 3014 627 3075 temeritate
655 3022 685 3075 et
706 3016 897 3097 impudentia
927 3017 1052 3080 venales
1075 3016 1235 3098 indulgen·

313 3096 371 3155 tias
394 3094 656 3157 circumferebant.

396 3176 589 3257 Quamquam
607 3180 707 3258 igitur,
730 3187 763 3240 ut
784 3180 858 3258 dixi,
881 3182 1023 3261 inprimo
1045 3182 1130 3243 aditu
1147 3182 1234 3248 lasei-

312 3266 401 3319 natus
424 3260 628 3321 admiratione
651 3281 750 3341 papae
775 3263 887 3324 multos
917 3284 1036 3325 errores
1067 3272 1098 3324 at
1119 3264 1234 3327 abusus

313 3362 376 3403 non
399 3344 525 3419 taxavit,
548 3350 650 3409 anien
684 3345 777 3425 paulu
800 3353 872 3425 post
894 3347 1063 3415 illustratus
1085 3367 1160 3421 vera
1182 3369 1234 3429 ag-

313 3426 427 3485 nitione
457 3426 567 3487 Christi
602 3434 709 3487 tetram
743 3428 956 3489 confusionem
991 3427 1171 3509 opinionum
1204 3440 1236 3493 et

312 3509 463 3586 cultuum,
491 3528 570 3589 quae
591 3511 621 3569 in
649 3530 745 3590 regno
776 3512 944 3573 antichristi
967 3511 1058 3573 floret
1084 3522 1115 3575 et
1137 3511 1233 3576 domi·

312 3598 417 3671 natur,
441 3591 534 3653 uerbo
558 3592 616 3653 nei
639 3601 817 3655 constanter
844 3598 1003 3673 accusayit
1030 3604 1062 3657 et
1088 3596 1233 3660 condem·

312 3676 404 3747 navit.
454 3674 523 3738 Non
559 3677 650 3741 enirn,
675 3678 869 3756 curiositate,
909 3699 968 3743 nec
999 3699 1096 3758 prava
1130 3680 1236 3759 aliqua

311 3757 487 3839 cupiditate,
511 3777 568 3819 nec
586 3778 679 3841 caeca
693 3762 861 3839 pertinacia
884 3769 983 3822 motus
1008 3768 1064 3838 est,
1087 3769 1234 3843 utpapae

311 3857 438 3917 regnum
462 3840 635 3919 invaderet,
659 3842 711 3903 sed
734 3844 816 3903 iusto
840 3843 906 3905 nelo
930 3844 1053 3923 spiritus
1075 3846 1174 3916 sancti
1202 3854 1234 3906 et

310 3919 398 3999 fidei,
432 3930 462 3983 et
484 3925 684 3991 severissimis
714 3926 883 4004 mandatis,
914 3946 992 4005 quae
1021 3927 1128 3998 iubent
1148 3936 1233 3992 recte
