3075 4750
356 472 423 550 233-
544 478 549 485 ’
668 477 803 543 Quaestio
822 475 857 529 de
876 475 979 531 viribus

337 648 405 728 gis
426 645 573 726 impium?
616 644 654 705 Hi
677 625 740 707 non
761 612 882 707 dicunt:
916 663 974 725 ego
1001 649 1106 707 autem
1127 644 1160 705 in
1183 642 1282 707 multi·

358 729 462 791 tudine
486 728 712 791 misericordiae
734 738 805 789 tuse
825 727 959 789 introibo
981 735 1039 787 etc.
1062 726 1117 788 sed
1143 727 1175 787 in
1208 725 1280 788 mui-

357 812 487 873 titndinc
514 812 648 873 iustitiae
676 828 775 871 mese.
818 810 850 873 Si
879 811 959 871 enim
989 816 1106 871 tentum
1127 810 1159 871 in
1181 809 1282 869 Deum
1305 870 1311 876 ,

357 895 499 975 sperasti,
521 894 571 955 vel
586 913 738 974 operares,
759 894 832 973 quia
855 893 936 954 bons
958 894 1064 973 egisti,
1088 892 1282 972 relegisses,
1336 951 1338 956 .

358 976 455 1039 molto
478 977 577 1057 magis
605 985 678 1037 tuno
705 996 812 1056 spere,
849 976 973 1055 quando
996 982 1125 1054 peccate
1147 984 1180 1035 et
1201 975 1284 1035 mals

358 1060 466 1141 egisti,
500 1079 540 1118 ne
573 1058 691 1120 dicatur
723 1059 827 1120 nobis:
872 1057 1065 1119 Confitentur
1099 1058 1175 1135 tibi,
1215 1076 1283 1119 cum

359 1142 474 1204 bonum
492 1142 602 1203 feceris
617 1143 672 1220 eis,
695 1150 726 1201 et
738 1144 769 1202 in
783 1148 923 1220 tempore
934 1142 1113 1201 tornationis
1127 1140 1283 1201 recedent.

329 1235 333 1242 ’
359 1225 413 1286 Sic
433 1225 515 1285 enim
537 1225 568 1283 in
591 1224 658 1285 Deo
680 1224 806 1304 gloriari
828 1224 885 1285 sibi
907 1224 1062 1302 videntur,
1086 1224 1137 1302 qui
1158 1242 1284 1303 prospe

358 1308 400 1367 ris
430 1314 462 1368 ct
488 1307 588 1388 gioria
613 1306 756 1382 effluunt,
791 1307 845 1367 sed
875 1308 973 1386 magis
1002 1307 1032 1366 in
1061 1307 1187 1387 propria
1217 1325 1284 1387 pro·

359 1409 451 1469 spera
474 1398 507 1451 et
524 1389 655 1470 gloriam
678 1388 848 1467 confidunt,
871 1397 905 1449 ut
925 1391 1054 1451 tentatio
1072 1388 1193 1469 probet.
1237 1387 1285 1449 Ira

358 1472 513 1535 horribilis
549 1472 714 1533 metuenda
732 1479 796 1545 ¹est
829 1480 860 1533 et
893 1474 1057 1553 praecipue
1088 1478 1197 1533 nostro
1226 1472 1285 1532 boc

360 1562 501 1636 tempore
522 1556 799 1635 periculosissima,
821 1554 904 1635 quod
927 1555 1013 1616 multi
1035 1563 1142 1617 sancte
1164 1562 1197 1614 et
1219 1555 1284 1615 reli·

359 1640 449 1720 giose
475 1640 614 1699 viventes
635 1638 694 1700 sibi
715 1640 746 1698 in
760 1639 858 1699 Deum
875 1657 1000 1718 sperare
1014 1657 1104 1717 qnnm
1117 1638 1284 1699 fortissime

359 1729 478 1801 potent,
500 1728 533 1781 et
553 1723 657 1801 potins
679 1722 710 1780 in
732 1740 819 1781 suam
843 1723 1035 1781 sanctitatem
1059 1722 1117 1799 ipsi
1139 1721 1284 1801 ignoran-

360 1811 407 1865 tes
429 1812 570 1884 sperent,
604 1810 637 1864 nt
658 1803 801 1883 probabit
821 1779 898 1864 born
919 1805 1043 1880 mortis,
1079 1804 1136 1863 Dei
1159 1821 1230 1863 curn
1253 1804 1282 1863 in

359 1886 504 1947 indicium
531 1887 689 1946 venerint:
722 1894 754 1947 et
774 1886 846 1947 ideo
871 1886 1075 1955 confidentius
1105 1888 1284 1963 moriuntur,

299 2043 303 2052 ἱ
361 1971 433 2049 quia
453 1970 577 2031 ‘conscii
607 1969 663 2031 sibi
691 1979 761 2031 sunt
792 1969 891 2030 bonae
919 1970 1015 2046 vitae,
1048 1977 1079 2029 et
1113 1970 1144 2029 in
1174 1967 1286 2029 fidncia

360 2050 535 2114 huiusmodi
563 2053 592 2111 in
621 2052 720 2125 Deum
751 2060 884 2131 sperant.
927 2053 976 2112 Fit
1008 2053 1069 2129 eis,
1104 2059 1136 2112 ut
1161 2051 1207 2130 ei,
1236 2052 1285 2130 qui
1373 2122 1374 2133 χ

360 2151 452 2215 super
473 2141 612 2195 truncum
633 2136 664 2195 in
683 2154 764 2214 aqua
782 2143 939 2195 natantem
964 2134 1074 2214 pedem
1093 2133 1190 2215 figere
1220 2135 1284 2195 niti-
1373 2164 1374 2197 ι

361 2225 422 2294 tur,
457 2224 488 2278 et
515 2216 617 2278 subito
644 2220 704 2279 ruit
731 2220 763 2277 in
794 2216 991 2297 profundum,
1031 2218 1073 2279 ita
1103 2223 1135 2278 et
1162 2216 1285 2279 illorum

360 2320 457 2382 opera
485 2299 599 2361 iudicio
634 2301 691 2361 Dei
724 2300 864 2361 discusse
891 2301 1096 2361 inveniuntur
1130 2298 1285 2361 horrenda
1373 2316 1374 2320 ’

358 2392 504 2465 peccata,
538 2402 577 2444 eo
611 2384 692 2463 qnod
727 2386 758 2444 in
791 2385 859 2465 ipsa
893 2383 1002 2444 contisi
1035 2393 1122 2461 sunt,
1156 2391 1189 2444 et
1225 2403 1284 2446 non

358 2466 517 2528 nudissimi
552 2468 790 2528 misericordiam
823 2467 881 2527 Dei
914 2467 1120 2526 sincerissime
1151 2467 1284 2527 bonore

358 2558 437 2612 runt.
482 2550 556 2610 ldeo
580 2551 659 2610 sicu-t
679 2551 872 2629 impatientia
892 2550 922 2610 in
948 2551 1104 2629 prosperis
1127 2549 1215 2608 nulls
1227 2553 1283 2626 est,

356 2633 401 2694 ita
422 2652 509 2713 spes,
531 2651 611 2711 qnae
634 2635 665 2691 in
687 2634 796 2694 merito
820 2638 876 2712 est,
899 2632 984 2692 nulia
1006 2640 1068 2692 cst:
1091 2640 1184 2710 atque
1207 2631 1283 2692 sicut

359 2717 467 2776 inutile
489 2722 545 2792 est,
568 2717 747 2794 patientiam
769 2715 884 2776 habere
904 2717 935 2776 in
959 2716 1131 2794 prosperis,
1155 2715 1200 2774 its
1222 2716 1283 2774 inu·

360 2799 413 2860 tile
434 2805 497 2874 est,
527 2817 615 2877 spem
644 2798 759 2859 hebere
787 2799 816 2857 in
840 2799 965 2858 meritis.
1007 2798 1178 2858 Patientiae
1201 2799 1283 2858 enim

359 2887 468 2942 natura
488 2887 545 2957 est,
568 2901 629 2940 non
653 2882 710 2940 nisi
732 2883 762 2940 in
787 2882 920 2960 peccatis
938 2900 1015 2942 csse.
1045 2879 1283 2942 inaestimabilis
1368 2939 1373 2954 ,

358 2963 510 3045 siquidem
535 2965 590 3023 Dei
621 2963 847 3040 misericordia,
876 2971 908 3023 nt
936 2983 970 3023 se
998 2963 1086 3024 nobis
1116 2965 1284 3024 communi-

359 3055 459 3123 caret,
494 3054 526 3108 et
553 3046 696 3107 fiduciam
727 3055 863 3107 nostram
894 3046 1030 3123 tolieret,
1065 3043 1148 3106 dedit
1172 3045 1285 3126 legem,

271 3136 273 3140 ’
360 3149 440 3209 quae
462 3130 614 3190 conclusit
634 3130 740 3189 omnia
762 3129 818 3188 sub
831 3136 972 3208 peccato,
996 3129 1177 3189 utomnium
1196 3129 1284 3189 mise·

360 3221 485 3290 reretnr.
529 3212 609 3287 Quis,
630 3213 681 3272 nbi
703 3232 765 3272 nnn
789 3220 837 3290 est
857 3211 923 3289 lex,
950 3231 1008 3272 nec
1031 3217 1210 3291 peccetum3
1232 3210 1285 3272 nbi

360 3315 421 3356 non
446 3302 494 3355 est
513 3303 689 3375 peccatum,
718 3315 777 3355 nec
804 3294 1030 3370 misericordis,
1064 3293 1114 3354 nbi
1143 3313 1206 3354 non
1236 3301 1285 3354 est

315 3411 320 3420 ·
359 3385 451 3460 spes,
475 3397 533 3439 nec
553 3378 650 3440 seins.
689 3377 736 3438 Ac
760 3378 804 3438 ite
826 3378 919 3436 virtus
947 3377 1067 3456 peccati
1095 3377 1163 3451 lex,
1187 3377 1284 3438 virtus

358 3469 460 3523 cutem
485 3461 561 3542 legis
580 3461 803 3538 misericordie,
825 3462 919 3520 virtus
931 3465 1033 3520 mrtem
1053 3458 1284 3520 misericordiae

186 3538 189 3549 ¹
280 3554 282 3557 '
359 3565 449 3625 spes,
469 3546 564 3605 virtus
584 3550 696 3604 eutem.
709 3543 775 3622 spei
798 3543 894 3621 salus,
928 3541 1023 3602 virtus
1049 3537 1150 3603 autein
1174 3542 1284 3604 saluos

359 3628 443 3688 Deus
465 3648 521 3710 per
541 3627 648 3688 desum
669 3626 836 3686 Christum:
873 3626 945 3703 quia
972 3626 1023 3686 lex
1044 3631 1189 3704 operatur
1212 3645 1284 3704 pec·

360 3719 472 3788 cetum,
495 3710 550 3772 sed
572 3708 782 3770 misericordia
805 3716 836 3768 et
849 3714 993 3788 operatur
1006 3707 1156 3788 stimplet
1168 3707 1283 3788 legem,

359 3814 431 3874 spes
459 3800 561 3855 antem
591 3799 735 3872 operatur
770 3790 1026 3869 misericordiam,
1064 3790 1147 3852 salus
1176 3797 1282 3851 eutem

360 3897 464 3958 spem,
485 3878 569 3940 Deus
592 3883 694 3936 antem
716 3873 848 3934 salutem
870 3882 902 3934 et
923 3874 1038 3936 omnis.
