3075 4750
609 488 840 551 aseris-tu.
1125 462 1187 557 am

286 661 450 761 thnis
472 662 593 761 stetit
622 664 668 761 ad
697 618 903 725 videndum
936 662 1041 760 eum?
1082 663 1169 743 lpse

284 763 675 913 mammasti}
695 746 1166 908 tetmtmtttt‘t

349 944 494 1009 Confidat
513 946 605 1009 neme
627 946 687 1013 hie.
722 945 813 1023 (Lesa
830 967 863 1007 es
877 946 953 1007 alles
975 946 1029 1009 irei
1050 946 1186 1029 iahren).

264 1030 360 1113 Igitur
381 1050 474 1092 nemo
497 1029 603 1109 stabit,
625 1050 697 1091 nam
719 1030 865 1111 potestati
880 1031 945 1090 eius
962 1032 1028 1110 quis
1046 1030 1186 1092 resistet?

263 1114 404 1174 Veniens
434 1116 515 1174 enim
545 1120 651 1175 nostra
673 1114 804 1174 consilia
825 1112 988 1195 dispergit,
1017 1121 1048 1175 et
1075 1114 1188 1196 redigit

263 1198 293 1257 in
316 1197 457 1277 nihilum,
478 1197 560 1257 unde
581 1198 612 1256 in
635 1196 724 1259 nobis
745 1198 965 1279 purgatorium.
996 1196 1030 1257 ln
1045 1197 1186 1259 Hebraeo

262 1279 358 1341 dictio
386 1299 449 1340 una
476 1281 600 1361 ponitur
629 1278 743 1341 Borith.
773 1278 807 1342 S.
829 1280 1033 1361 Hieronymus
1060 1278 1186 1341 herbum

261 1363 415 1424 fullonum
437 1362 628 1425 reddendum
651 1382 720 1441 esse
741 1362 831 1441 dieit3
853 1361 907 1423 sed
926 1364 951 1422 si
966 1382 1025 1443 ego
1041 1363 1185 1425 haberem

261 1454 380 1507 tantam
403 1453 604 1527 potestatem,
625 1446 833 1527 purgatorium
856 1445 1055 1507 traducerem.
1098 1444 1185 1509 Fullo
1232 1502 1238 1515 x

261 1537 426 1609 praeterea
451 1548 515 1590 non
537 1536 598 1608 est,
631 1548 721 1608 quem
749 1549 808 1590 nos
837 1529 930 1609 vulgo
954 1528 1187 1591 Wollenweber

262 1613 339 1673 oder
360 1612 452 1693 Knap
473 1610 619 1688 dicimus,
647 1610 702 1673 sed
724 1612 833 1672 artifex
856 1619 921 1672 erat
942 1612 1186 1673 mundandarum

261 1696 412 1768 vestium,
434 1694 472 1755 ad
497 1694 578 1775 quod
600 1694 706 1756 Borith
728 1695 824 1755 herba
846 1702 911 1755 erat
932 1696 1185 1767 accommodatis·

260 1781 354 1857 sima,
376 1781 420 1839 uti
443 1778 532 1840 nobis
554 1785 602 1839 eat
623 1778 773 1859 smegma3
794 1778 842 1838 vel
865 1777 978 1857 aliquid
1001 1778 1073 1859 tale,
1095 1779 1184 1840 fimus

258 1864 444 1945 gallinarum
467 1868 525 1923 ete.
845 1856 850 1873 ⁸

278 1992 327 2053 Et
350 1990 516 2053 sedebit
535 1997 727 2051 constans
749 1998 788 2051 et
808 1990 1004 2053 mundans
1026 2010 1162 2071 argens

278 2083 355 2136 tum
377 2073 625 2154 etpsngabit
644 2074 759 2135 filins
780 2074 1055 2150 Levisrotans
1078 2091 1164 2149 ena,
1237 2100 1263 2131 η

435 2160 546 2237 quasi
577 2176 711 2217 nurum
738 2164 777 2219 et
803 2164 1010 2237 argentum.

344 2275 484 2337 Christus
505 2266 584 2374 ignis
607 2281 738 2336 estnon
762 2274 857 2353 levia,
889 2273 942 2335 sad
971 2274 1022 2353 qui
1044 2272 1186 2335 dissolvit

261 2379 402 2440 quaeque
425 2359 601 2438 durissima,
633 2377 701 2419 eum
735 2377 840 2419 aurum
873 2364 904 2419 et
931 2363 1090 2438 argentum
1120 2359 1186 2418 eius

262 2441 394 2504 flammis
417 2442 597 2523 liquescant.
633 2443 703 2504 Non
726 2444 818 2502 etiam
843 2440 1009 2522 quemlibet
1029 2441 1188 2522 purgabit3

263 2526 318 2586 sed
343 2527 395 2606 qui
417 2516 502 2607 digni
524 2533 595 2586 sunt
615 2524 669 2585 fiiii
689 2525 774 2604 Levi,
798 2527 849 2605 qui
871 2543 910 2586 ex
933 2524 1074 2584 omnibus
1097 2523 1189 2584 tribu·

261 2603 316 2669 bus
339 2616 430 2670 erant
452 2610 569 2688 selecti,
589 2615 622 2668 ut
643 2609 754 2690 legitur
777 2607 866 2669 Deut.
885 2613 917 2670 1:
940 2603 1020 2667 filios
1042 2607 1110 2686 Dei,
1133 2609 1183 2688 qui

262 2689 320 2752 fide
343 2699 453 2752 saneta
476 2699 567 2772 etque
590 2693 709 2773 integra
731 2693 762 2751 in
787 2711 855 2751 eum
879 2689 1015 2753 eredunt.

301 2841 347 2902 Et
374 2813 490 2908 erunt
518 2843 681 2904 Domino
712 2843 909 2904 offerente
942 2842 1142 2902 sacrificia

503 2947 507 2958 ·
611 2927 833 2991 iniust-itia.

342 3044 403 3105 Vel
425 3044 486 3106 tide
508 3045 634 3108 Christi:
661 3048 758 3109 iustus
780 3046 933 3127 siquidem
955 3041 995 3106 eri
1014 3043 1075 3105 fide
1097 3045 1182 3106 vivit.

262 3124 374 3206 Purgat
393 3147 469 3190 suos
491 3127 649 3208 Christus,
670 3131 804 3212 expolit,
837 3137 870 3190 ut
891 3129 973 3218 dieat
993 3129 1024 3188 in
1047 3122 1181 3190 Cantici:

262 3206 390 3272 Pulchra
411 3230 461 3290 es,
489 3220 521 3274 et
542 3212 663 3277 muenia
684 3231 746 3276 non
769 3214 869 3276 estin
892 3219 930 3276 te.
976 3211 1097 3292 Purgati
1119 3213 1182 3272 iam

263 3309 321 3355 nen
339 3294 527 3373 anismam,
566 3296 622 3358 sed
653 3295 740 3376 quasi
768 3296 872 3358 furnus
904 3297 1013 3378 igneus
1043 3293 1183 3354 flammas

264 3391 387 3452 operum
408 3385 571 3457 evomunt,
592 3378 708 3442 habent
727 3381 887 3444 caritatem
909 3387 940 3440 et
961 3377 1060 3440 Deum
1082 3377 1181 3438 hono-

262 3466 342 3519 rant:
378 3460 471 3541 igitur
491 3461 623 3525 efferunt
643 3464 675 3523 in
704 3465 820 3530 iustitia
842 3464 890 3526 vel
914 3463 1035 3540 omnia,
1058 3480 1136 3540 quae
1159 3479 1180 3518 a

262 3538 393 3604 Domino
414 3554 615 3625 aeceperunt,
634 3546 769 3608 reddunt
789 3555 820 3608 et
840 3545 1017 3610 retn'buunt.

262 3689 306 3753 Et
337 3694 514 3783 placebit
540 3695 704 3761 Domino
742 3697 984 3760 sacrificium
1014 3693 1118 3756 Juda
1145 3704 1211 3786 0¹,
1267 3687 1269 3694 ¹

535 3840 540 3844 .
601 3781 830 3844 Jerusalem.

341 3896 425 3959 Deus
443 3906 589 3980 aeeeptst
606 3920 660 3979 ee,
682 3920 763 3981 quae
783 3901 850 3981 ipse
870 3901 901 3960 in
920 3899 1010 3962 uobis
1032 3905 1176 3982 operatus

262 3984 325 4054 est,
350 3999 412 4040 nan
444 3992 567 4061 nostrs3
597 4003 656 4045 nee
675 3983 800 4064 plaaent
819 3985 985 4064 nostratia,
1019 3987 1078 4048 nisi
1109 3989 1178 4068 ipse
