3075 4750
336 458 403 529 374
636 478 673 505 ·’.
724 458 862 531 melopos

343 646 453 696 omnes
473 632 583 711 saneti,
606 648 676 692 oum
698 630 854 710 theologi,
869 595 933 689 tum
954 628 1147 702 canonistas,
1169 630 1268 690 tuve

342 718 460 779 niamm
481 715 645 796 largitione
667 733 792 775 oausam
814 713 948 791 aliquem
972 718 1116 793 oportere
1136 714 1268 773 interve
1301 726 1302 729 ’

343 802 427 881 nire,
449 816 530 879 quse
552 816 646 859 osnes
668 804 730 875 est,
756 796 901 875 quiequid
924 796 1022 857 estin
1044 792 1103 855 Dei
1125 795 1269 876 gloriam,

344 882 395 944 vel
420 883 663 963 vpromotionem
695 881 770 942 boui
806 880 991 957 eommunis,
1023 886 1056 939 et
1082 878 1270 940 huiusmodi.
1382 904 1383 917 ÷

344 964 479 1027 Potuerit
512 982 587 1045 ergo
620 983 673 1024 our
701 982 784 1044 pepe
810 964 1020 1043 purgatorium
1042 978 1106 1023 nou
1130 968 1271 1040 evacuet,

344 1050 417 1128 quia
449 1045 593 1107 videlieet
614 1067 677 1109 non
700 1047 805 1109 subest
827 1043 1019 1106 rationabilis
1046 1062 1143 1105 seusa
1169 1046 1269 1107 relax·
1382 1088 1383 1131 ,

344 1130 417 1201 sudi
437 1131 580 1210 ‘rigorem
613 1132 748 1190 iustitiae
777 1129 899 1189 divisse
928 1130 959 1187 in
987 1126 1129 1188 omnibus
1153 1129 1269 1189 anima·
1382 1196 1383 1209 ἢ

345 1215 402 1275 bus
435 1215 612 1293 purgatorii.
667 1212 755 1288 Quae
789 1214 817 1273 si
845 1211 1000 1289 subesset,
1028 1212 1133 1290 utique
1161 1218 1272 1291 posset
1382 1218 1383 1271 t

340 1294 432 1355 iilud
447 1314 613 1374 enecuere,
645 1304 720 1376 puts
747 1298 772 1355 si
802 1296 924 1355 deretur
949 1294 1043 1375 piens
1067 1292 1272 1375 indulgentia,

346 1380 438 1438 etism
467 1377 617 1440 destruetis
645 1379 872 1459 porrigentibus
902 1378 1065 1438 ediutriees
1099 1394 1210 1437 munus
1233 1377 1272 1437 sd

347 1460 577 1546 expeditionem
598 1463 628 1521 in
651 1462 782 1539 Turoas,
806 1460 1015 1547 etqnaelibet
1035 1462 1141 1521 enims
1161 1476 1272 1541 purga

346 1546 416 1608 surii
437 1546 569 1605 ominum
591 1544 738 1620 heberet,
765 1544 822 1606 sibi
845 1543 1005 1606 debiteet
1025 1543 1182 1623 complete
1213 1544 1272 1603 suf-
1382 1614 1383 1635 Χ

340 1629 527 1709 ingentem.
578 1627 696 1687 Caritas
720 1635 822 1689 entem
846 1625 1000 1707 pontifiois
1035 1634 1068 1686 et
1100 1628 1274 1687 neeessitas
1382 1640 1383 1689 ἕ

347 1710 517 1771 enimarum
544 1729 607 1771 non
637 1718 685 1770 est
705 1712 784 1771 rstio
807 1708 918 1771 eftiesx
940 1711 985 1769 sio
1004 1709 1168 1769 relaxandi
1189 1710 1274 1769 iusti
1382 1710 1383 1759 i

348 1795 422 1855 tiam
443 1793 587 1872 divinam,
611 1794 803 1875 quam‘Dens
825 1794 893 1853 talis
912 1793 1105 1853 necessitatis
1128 1794 1274 1853 oonwius

348 1884 380 1937 st
415 1876 554 1939 infinitae
586 1877 722 1936 oeritstis
756 1893 795 1936 so
833 1874 1063 1937 miseriuordise
1101 1876 1273 1936 visceribus
1382 1880 1383 1923 f

348 1959 458 2039 plenus
486 1961 588 2020 sanxit
619 1966 650 2019 et
677 1959 896 2021 inviolabiliter
922 1965 1033 2019 servat
1083 1958 1154 2037 Age
1182 1978 1275 2038 nune,
1382 1960 1383 1995 ³

349 2042 488 2117 Martius,
510 2049 542 2101 et
562 2042 625 2101 alis
645 2044 785 2121 quaesite
807 2042 984 2120 multiplica.

431 2122 490 2206 83)
514 2125 604 2184 Mart]
626 2124 688 2185 Gur
706 2132 889 2205 permanent
903 2126 1069 2203 exsequiae
1088 2130 1118 2184 et
1132 2126 1276 2184 anniver-
1339 2188 1342 2193 ,

350 2206 432 2268 wis
452 2207 677 2284 defunetorum,
700 2215 732 2267 et
752 2225 814 2268 nou
837 2208 940 2268 reddit
953 2208 1112 2287 autreoipi
1125 2208 1278 2287 permittit

348 2289 578 2370 benefitiis-pro
601 2291 660 2350 illis
682 2292 832 2368 instituta,
855 2308 923 2351 eum
944 2292 1004 2351 iem
1027 2292 1067 2351 sit
1086 2291 1201 2350 iniuria
1219 2310 1276 2371 pro

345 2372 513 2454 redemptis
541 2390 638 2438 orere.
1044 2400 1046 2408 ·
1096 2415 1099 2424 .
1189 2435 1193 2438 ,
1382 2447 1383 2452 ¹

343 2480 346 2487 ·
426 2457 489 2518 sil.
516 2458 602 2517 Duae
630 2458 720 2526 buius
747 2475 861 2518 oausee
885 2464 967 2518 sunt.
997 2457 1117 2516 ·Prime
1137 2457 1278 2537 quidem,

352 2538 605 2620 quodiuoertum
628 2541 682 2618 sit,
704 2556 744 2600 en
766 2541 808 2617 is,
839 2543 889 2620 qui
911 2541 1040 2621 porrigit
1061 2554 1171 2600 munus
1192 2540 1278 2605 adiu·
1382 2557 1383 2600 ς

352 2624 459 2699 trices,
481 2631 516 2683 ut
536 2624 659 2683 enimse
677 2624 811 2703 ouipiam
834 2623 959 2704 plenem
980 2624 1101 2684 veniam
1126 2623 1278 2700 obtineat,
1382 2675 1383 2682 ,

351 2705 520 2766 seeundum
541 2707 697 2786 propriam
719 2707 1098 2786 taeultstemporrexerit,
1121 2707 1208 2785 quod
1226 2723 1279 2768 na·
1382 2693 1383 2772 i

350 2807 441 2850 essse
462 2796 526 2866 ests
547 2797 651 2869 potest
673 2791 753 2848 euim
776 2790 942 2868 aliquando
964 2790 1278 2869 porrigerenimium
1382 2777 1383 2846 ἶ

351 2887 455 2950 poree,
478 2890 540 2951 quo
561 2889 637 2931 oasn
655 2874 763 2934 anima
784 2893 847 2934 non
861 2871 1033 2950 assequitur
1047 2871 1278 2952 indulgentiam

347 2954 487 3034 piebem,
509 2955 565 3015 sed
587 2952 755 3014 seeundum
776 2958 1007 3036 proportionem
1032 2955 1160 3015 exhibiti
1180 2955 1223 3015 'ed
1247 2954 1279 3015 id

352 3043 467 3115 toturn,
494 3038 579 3116 quod
598 3039 706 3098 tuerat
734 3039 956 3118 exhibendum,
993 3045 1027 3098 ut
1053 3037 1160 3098 docuit
1186 3038 1280 3100 divus

249 3156 253 3163 ι
348 3119 497 3179 Thomas.
539 3119 611 3180 Atia
633 3140 706 3182 vero
730 3141 824 3182 eausa
844 3130 906 3198 est,
930 3121 1020 3200 quis,
1048 3121 1106 3181 etsi
1129 3119 1280 3202 suffragia

351 3221 416 3263 nou
437 3203 558 3282 prosint
577 3205 639 3262 iam
661 3204 842 3285 redemptis,
860 3206 928 3265 eiiis
951 3211 1052 3265 tamen
1075 3211 1223 3283 prosunt,
1247 3211 1279 3264 et

352 3285 414 3346 hoo
436 3287 537 3366 ipsum
558 3288 695 3352 morituri
716 3288 926 3366 intendebant,
948 3289 999 3370 qui
1021 3286 1077 3348 sibi
1100 3288 1279 3348 anniuersa-

350 3370 559 3450 rio-perpetua
577 3367 766 3449 ordinarunt,
783 3389 851 3432 oum
869 3389 931 3431 non
947 3371 986 3430 sit
1000 3369 1178 3449 verisimile,
1192 3369 1278 3449 quod

352 3451 515 3513 erederent
535 3454 625 3512 setin
643 3455 822 3534 purgatorio
841 3460 994 3536 perpetuo
1016 3453 1150 3531 futuros,
1173 3453 1279 3514 denso

351 3534 431 3596 sosii
454 3546 522 3596 orum
543 3542 626 3596 terro
646 3537 934 3598 mouendiioreut·
965 3555 976 3580 ¹·
1119 3557 1121 3565 ’

381 3639 385 3659 ²
435 3618 493 3700 84)
518 3619 605 3679 Mart.
627 3619 721 3698 Item,
748 3635 830 3699 quae
858 3637 941 3680 nove
967 3619 1021 3679 ille
1037 3619 1142 3698 '‘pistas
1164 3618 1222 3679 Dei
1248 3626 1280 3680 et

348 3699 469 3782 popae',
503 3702 585 3781 quod
613 3703 708 3782 impio
743 3706 775 3763 et
802 3703 926 3763 iuimio‘o
954 3708 1080 3782 propter
1108 3702 1276 3781 peouniam

353 3784 527 3844 oonoeduut
548 3786 680 3844 unimam
702 3787 785 3865 piam
814 3793 845 3846 et
871 3787 1001 3846 umioam
1022 3784 1081 3845 Dei
1112 3783 1279 3863 redimere,

352 3873 384 3923 et
411 3874 514 3927 tamen
549 3875 675 3948 propter
702 3870 917 3929 necessitatem
946 3869 1107 3949 ipsiusmet
1138 3869 1210 3948 pise
1248 3875 1280 3928 et
1382 3937 1383 3940 Ἴ

354 3946 486 4021 dilectus
504 3951 630 4028 primae
647 3969 712 4017 nun
733 3951 888 4028 redimunt
909 3951 1278 4034 eamgratuitauaritate.
