3075 4750
364 477 428 546 270
758 481 896 536 l'nbltllo

364 652 491 727 tiaram,
514 667 571 732 pm
593 649 710 712 sabrina
730 649 879 711 basilicae
898 649 1049 729 Principis
1070 649 1289 730 apostolorum

364 733 404 794 de
428 734 512 795 Urba
530 735 561 793 in
583 733 682 794 forma
702 732 836 794 lubilaei
857 751 1090 809 oonoessarum,
1112 732 1235 793 Nunoio
1257 743 1290 794 et

365 817 567 878 Gummisario
596 835 657 876 una
687 835 755 876 aum
778 815 957 877 Guardiano
985 816 1110 876 fratrum
1132 817 1288 876 minorum

366 901 464 961 murti
487 899 640 959 Francisei
662 900 701 960 de
724 899 956 961 observantia
947 917 978 957 ιιι
999 899 1124 959 eivitate
1145 917 1204 958 sua
1225 899 1289 959 llo·

369 984 506 1064 gentina
527 983 559 1042 in
575 981 634 1042 hau
647 989 735 1062 parte
748 983 871 1062 oollega
884 1000 951 1059 suo,
974 980 1048 1041 Sub
1050 981 1289 1042 Commissarius

367 1065 530 1146 generalis,
559 1073 629 1124 otim
659 1072 815 1144 potestate
836 1063 1041 1124 substituendi
1069 1063 1108 1123 ml
1131 1064 1288 1143 praefatas

367 1148 543 1230 provincias
571 1155 604 1207 et
630 1147 791 1209 dioeceses
824 1167 862 1208 aa
882 1149 988 1208 omnia
1008 1147 1287 1208 illustrissimorum

365 1239 396 1292 st
422 1232 529 1291 illustr..
558 1231 716 1308 Dominor.
750 1231 919 1291 Mambion.
942 1229 1106 1290 Dominiea
1126 1230 1290 1310 praedicta

365 1314 529 1394 deputatus
559 1321 591 1374 et
619 1315 819 1394 constitutus,
846 1313 962 1375 dileoto
990 1311 1080 1372 nobis
1109 1314 1140 1372 in
1164 1313 1288 1374 Christo

363 1397 546 1458 Tilemanno
569 1395 608 1456 de
629 1397 793 1477 Kopeniok
812 1396 1115 1476 Brandenburgensis
1125 1396 1290 1458 Dioeoasis

365 1480 496 1541 salutem
516 1481 547 1539 in
569 1481 703 1541 Domino
726 1482 953 1560 sempiternam.
1029 1513 1034 1519 ·

446 1563 626 1642 Exposuisu'
648 1561 760 1641 nobis,
770 1563 853 1642 quod
869 1562 998 1624 volebas
1014 1580 1100 1622 suem
1114 1569 1289 1642 pereutere,

363 1648 395 1708 in
423 1664 484 1726 quo
511 1665 586 1706 oasu
613 1665 689 1725 puer
717 1655 786 1706 tuus
813 1654 845 1706 te
866 1665 929 1705 non
951 1644 1076 1705 vidente
1096 1643 1152 1704 tibi
1173 1663 1287 1726 appro-

363 1731 538 1811 pinquavit,
574 1747 665 1807 quem
700 1728 915 1808 (perentiendo
941 1733 1014 1808 post
1042 1737 1164 1800 suem)
1178 1735 1289 1788 eontra

365 1831 487 1873 omnem
522 1812 714 1872 voluntatem
742 1818 827 1875 tuem
856 1831 924 1871 oum
953 1809 1074 1870 infinita
1101 1809 1206 1870 sordis
1236 1820 1290 1872 tua

364 1896 485 1955 tristitia
507 1895 633 1974 tetigisti
656 1900 687 1954 et
675 1895 858 1955 toooidisti
893 1895 1014 1972 Dequo
1027 1901 1157 1974 peceato
1180 1913 1222 1954 ex
1243 1895 1288 1954 in·

364 1979 446 2038 timis
473 1977 570 2038 doles.
620 1977 710 2038 Unde
732 1978 841 2041 volens
863 1977 955 2037 saluti
976 1978 1098 2036 animae
1119 1984 1192 2037 tuas
1216 1996 1287 2038 oon-

364 2055 505 2123 sulone‘a
527 2060 615 2119 nobis
643 2060 682 2120 da
712 2068 889 2140 opportuno
916 2059 1121 2120 absolutionis
1147 2059 1289 2120 remedio

364 2144 418 2204 tibi
440 2143 595 2222 provideri
616 2143 772 2204 humiliter
790 2143 941 2223 postulari
968 2143 1079 2203 fecisti.
1106 2141 1287 2217 Quocirca
1376 2168 1377 2171 ¹

364 2245 432 2306 nos,
455 2227 505 2305 qui
528 2227 658 2286 salutem
681 2226 888 2305 quorumlibet
908 2227 1131 2305 quaesivimus,
1160 2233 1208 2306 te,
1237 2228 1289 2305 qui
1376 2236 1377 2279 l

363 2310 524 2371 nobiseum
546 2309 714 2370 seeundum
736 2312 818 2370 vires
840 2320 908 2370 tuas
928 2311 960 2368 in
976 2307 1183 2369 oommodum
1200 2327 1288 2390 prae·

362 2395 445 2456 fatae
466 2394 604 2454 labrioae'
621 2395 879 2473 compositionem
896 2393 1006 2471 issisti,
1027 2394 1194 2453 autoritate
1213 2412 1288 2473 apo·

363 2477 487 2557 stolioa,
518 2496 579 2555 qua
605 2476 759 2557 fungimur
785 2479 817 2536 in
844 2477 903 2537 hae
923 2486 1026 2556 parte,
1054 2476 1093 2537 ab
1115 2476 1287 2536 bomioidio

363 2560 604 2621 miserioorditer
634 2561 825 2621 absolvimus
857 2567 951 2638 teque
982 2558 1092 2619 eadem
1121 2560 1289 2619 autoritate

355 2631 418 2724 'per
438 2662 497 2703 nos
520 2662 539 2702 a
560 2643 642 2703 dioto
665 2643 831 2703 homicidio
853 2643 1030 2704 absolutum
1045 2660 1115 2703 esse
1130 2660 1289 2721 perprae-

307 2742 312 2750 ’
364 2736 467 2786 sontes
488 2726 709 2788 denunciamus
732 2727 846 2786 literas.
890 2726 1071 2785 blandamus
1100 2726 1194 2784 etiam
1224 2744 1289 2785 om·
1375 2783 1376 2786 ,

363 2810 452 2869 nibus
476 2816 508 2869 et
529 2809 671 2888 singulis,
694 2809 734 2869 ad
755 2827 834 2887 quos
857 2810 1061 2889 pervenerint,
1083 2805 1140 2866 sub
1163 2816 1289 2868 senten-

364 2892 428 2970 tiis,
450 2892 587 2951 oensuris
610 2900 640 2952 et
661 2894 771 2972 poenis
794 2893 825 2951 in
848 2892 869 2951 li
871 2893 943 2951 teris
963 2892 1094 2952 faoultat
1081 2896 1145 2950 ιιιιιι
1167 2898 1288 2951 nostra

364 2992 429 3035 rum
452 2974 690 3054 apostolicarum
710 2976 873 3053 eontentis,
892 2974 1027 3034 attidem
1044 2974 1130 3035 hissa
1141 2974 1288 3052 tribuant,

363 3064 395 3118 ta
408 3058 586 3137 plenissime
598 3058 721 3119 absolut
709 3066 774 3118 tum
786 3077 857 3117 esse
867 3065 1004 3117 statuant
1014 3058 1199 3137 huiusque
1179 3057 1287 3120 oaedis

364 3158 557 3221 nequaquam
587 3144 746 3221 quisquam
781 3148 915 3203 aoouset
963 3140 1014 3199 Ad
1035 3139 1183 3200 fldemet
1170 3142 1288 3200 ttesti·

364 3224 501 3284 monium
524 3224 657 3321 sigillum
680 3226 838 3304 praestas
861 3225 1009 3301 fabrioas,
1038 3242 1099 3302 quo
1122 3221 1162 3282 ad
1184 3223 1287 3283 buius
1309 3270 1315 3279 .

365 3306 448 3368 modi
481 3308 609 3385 utimur,
644 3309 865 3387 impressimus
917 3307 1030 3366 Datum
1060 3306 1163 3365 Berlin
1191 3306 1287 3366 Anno

362 3392 488 3452 Domini
511 3394 599 3454 loll.
622 3396 651 3455 5.
673 3390 799 3454 Ostobr.
821 3391 915 3450 Anno
937 3391 1044 3469 quinto
1056 3390 1180 3469 Imperii
1198 3408 1288 3449 sana

363 3474 472 3535 tissimi
495 3475 619 3533 Domini
641 3476 737 3535 nostri
760 3474 874 3553 Papae.

397 3559 529 3619 Inter
555 3575 663 3617 omnes
693 3556 826 3637 danique
853 3562 975 3617 constat
994 3552 1164 3615 'Petaelium
1186 3555 1287 3615 indul-

363 3608 535 3724 gentianum
550 3643 643 3701 virtut
644 3658 704 3701 arn
705 3660 742 3700 ao
754 3640 925 3720 potentiam
938 3657 1013 3721 praa
1016 3639 1137 3699 asteris
1155 3657 1288 3699 amasso

363 3727 465 3786 nimiis
498 3724 637 3785 laudibus
665 3730 757 3803 atque
788 3724 883 3783 nimio
913 3722 1016 3782 smdio
1047 3722 1288 3782 sommendasss

362 3809 468 3871 libella
498 3826 570 3885 ιιιο,
597 3808 650 3886 qui
679 3808 843 3889 insoriptus
876 3813 957 3865 erat:
1000 3804 1245 3865 summaria
1237 3824 1288 3865 in·

363 3892 532 3950 struatio
560 3890 746 3951 Sacerdot
734 3898 809 3949 tum
836 3888 883 3949 ad
916 3887 1246 3968 praedicandas
1238 3908 1288 3947 ιιι-

365 3974 601 4053 dulgentias.
644 3972 691 4033 aa
713 3973 884 4051 instructio,
906 3973 994 4051 typis
1010 3988 1159 4050 expressa
1177 3979 1214 4031 et
1230 3972 1288 4031 sub
