3075 4750
335 419 378 486 '12
664 418 811 474 Sermones
829 416 941 471 lutheri

339 609 467 652 assessu
495 587 546 648 vel
575 607 698 648 recessu
720 607 846 665 eorum,
879 588 944 647 sive
964 586 1173 666 percutiantur
1193 585 1258 644 sive

339 693 423 752 uon,
444 671 498 732 sed
521 670 636 732 habent
657 672 800 731 timorem
820 668 989 732 lutur'orum
1011 676 1045 729 et
1054 675 1259 747 aeternorum,

339 757 401 816 hus
434 756 514 814 enim
543 755 653 814 timore
684 754 800 814 saeiunt
831 754 912 835 bona
942 760 973 813 et
994 752 1149 813 dimittunt
1169 751 1259 829 mala,

341 858 419 918 quae
441 837 516 896 alias
548 856 649 915 neque
675 837 813 897 lacerent
840 856 941 916 neque
962 836 1158 897 dimitterent.
1201 835 1257 894 Ta·

341 923 386 982 les
411 921 531 980 fuerunt
550 920 669 1000 plurimi
685 927 873 998 sanatorum,
896 919 977 980 unde
999 926 1031 980 et
1042 918 1142 978 David
1163 919 1268 982 Pau:

340 1004 489 1079 Domine,
519 1023 559 1062 ne
586 1004 615 1063 in
639 1003 740 1064 lurore
762 1010 815 1064 tun
838 1021 949 1082 arguas
971 1022 1020 1062 me
1041 1003 1194 1080 usquein
1216 1003 1261 1065 iro

341 1094 398 1146 ete.
441 1085 482 1144 Et
502 1087 605 1146 multis
628 1086 694 1144 aliis
717 1086 804 1147 louis.
848 1086 937 1164 Quia,
958 1086 1191 1164 inquit„nem0
1214 1090 1262 1146 eat

338 1171 369 1229 in
392 1176 500 1245 morte,
523 1171 574 1248 qui
596 1188 714 1229 memor
736 1171 775 1230 sit
796 1170 848 1246 tui,
870 1172 901 1228 in
923 1169 1042 1229 inferno
1065 1175 1169 1228 autem
1191 1168 1260 1246 quis

341 1251 533 1312 confitebitur
555 1252 631 1313 tibi?
672 1251 784 1330 Utique
805 1252 955 1312 infernum
977 1252 1092 1327 timuit,
1125 1252 1176 1330 qui
1197 1251 1260 1312 hoe

342 1335 427 1394 dixit.
472 1335 532 1396 Sed
555 1342 586 1396 et
607 1335 638 1394 hi
660 1341 730 1394 sunt
753 1334 906 1414 duplices,
938 1335 992 1394 alii
1012 1353 1138 1414 prorsus
1159 1353 1262 1413 neque

342 1418 469 1478 multum
498 1425 620 1495 emant,
653 1438 692 1477 an
720 1419 855 1478 infernus
880 1419 934 1494 sit,
967 1419 1081 1496 vixque
1107 1416 1183 1477 illud
1210 1423 1265 1476 aut

343 1502 433 1560 etiam
449 1520 641 1580 nequaquam
655 1501 793 1576 eredunt,
816 1520 945 1579 quorum
966 1506 1038 1560 sunt
1057 1500 1152 1577 hudie
1174 1500 1264 1560 multi

343 1585 448 1660 nimis,
477 1584 585 1644 saltem
609 1583 711 1644 surde.
756 1584 817 1644 Alii
839 1583 944 1643 itidem
971 1584 1061 1642 nimis
1089 1583 1178 1661 iusti,
1212 1584 1264 1662 qui

343 1669 446 1728 sciunt
467 1667 618 1727 infernum
640 1673 731 1745 atque
754 1666 898 1744 eredunt,
935 1666 989 1726 sed
1011 1666 1154 1726 nonsibi
1176 1685 1263 1746 para-

342 1757 406 1810 tum
428 1750 550 1828 timent,
582 1750 699 1828 optima
727 1749 766 1808 de
796 1769 830 1808 se
851 1751 925 1829 ipsis
946 1768 1069 1829 semper
1090 1751 1263 1829 opinantes.

342 1833 388 1892 De
417 1831 525 1910 quibus
551 1831 665 1892 Esaiae
687 1833 740 1895 28:
784 1831 843 1906 Qui
877 1832 1022 1909 dicimus,
1059 1833 1264 1912 percussimus

343 1914 451 1976 foedus
474 1933 543 1973 eum
565 1922 673 1992 morte,
696 1922 727 1974 et
749 1934 817 1974 aum
839 1916 960 1976 inferno
983 1915 1111 1976 lenimus
1123 1922 1265 1995 paetum,

343 1997 500 2077 flagellum
522 1997 688 2074 inundans,
720 2017 787 2057 eum
809 1999 976 2074 transierit,
1003 2018 1066 2059 uon
1090 1999 1195 2058 veniet
1217 2017 1266 2058 su·

342 2099 398 2159 per
420 2099 477 2139 nus
497 2087 528 2139 et
548 2087 660 2146 uetera,
685 2099 764 2158 quae
784 2080 825 2141 ibi
848 2090 1024 2160 sequuntur.
1053 2081 1102 2143 Ps.
1118 2085 1152 2143 9:
1182 2081 1270 2140 Dixit

344 2165 374 2222 in
398 2161 490 2222 eorde
512 2182 579 2240 suo,
601 2183 663 2222 non
677 2163 836 2242 movebor,
858 2184 877 2224 a
899 2165 1151 2244 generationem
1173 2181 1268 2244 geue-

343 2247 495 2306 rationem
517 2265 570 2306 ero
593 2247 660 2306 sine
681 2246 779 2306 mals:
813 2254 844 2306 et
865 2248 990 2306 iterum:
1023 2247 1200 2307 auferuntur
1220 2247 1265 2306 iu-

344 2329 425 2388 dicia
452 2335 506 2396 tua,
530 2349 549 2389 a
577 2329 655 2389 faeie
683 2331 748 2389 eius
782 2337 814 2391 et
840 2329 1007 2391 seeundum
1039 2329 1266 2391 multitudinem

346 2414 410 2472 irae
444 2432 518 2473 suae
552 2431 613 2472 non
647 2419 783 2491 quaeret.
826 2413 927 2487 Quum
963 2421 1066 2473 tamen
1099 2414 1171 2473 iusti
1202 2414 1268 2473 veri

347 2494 546 2557 vehementer
568 2497 697 2555 timeant
717 2496 868 2556 infernum
900 2503 931 2555 et
958 2502 1102 2573 mortem,
1137 2514 1267 2576 quorum

317 2594 321 2601 ¹
344 2596 408 2637 vox
430 2585 492 2639 est:
536 2578 604 2657 Ego
627 2578 700 2656 dixi,
723 2580 753 2637 in
777 2578 903 2639 dimidiu
925 2578 1043 2640 dierum
1055 2598 1193 2639 meorum
1215 2598 1266 2637 va

254 2726 256 2732 ,
347 2660 479 2719 dam.'ad
501 2667 606 2739 portas
629 2660 809 2739 inferorum,
845 2663 1027 2723 etiterum:
1068 2662 1199 2742 Replela
1219 2668 1269 2721 est

347 2742 435 2801 malis
457 2744 560 2803 anima
583 2763 654 2802 mea
676 2750 706 2802 et
726 2745 791 2803 vita
813 2764 883 2805 mea
903 2746 1023 2805 inferno
1041 2746 1267 2825 appropinqua

347 2826 408 2903 vit,
443 2828 617 2887 etiterum:
651 2827 817 2906 -Dissipata
844 2834 915 2887 sunt
943 2847 1015 2888 ossa
1040 2833 1147 2888 nostra
1178 2846 1268 2887 secus

283 2964 286 2971 s
348 2908 516 2985 infernum,
543 2908 614 2967 hine
635 2909 784 2969 habemus
806 2929 969 2971 commune
992 2911 1122 2987 dictum,
1144 2910 1195 2989 qui
1217 2909 1268 2969 de-

349 2990 501 3051 seendunt
520 2992 551 3050 in
573 2992 722 3051 infernum
752 2995 907 3071 viventes,
939 3013 1001 3054 nou
1024 2993 1216 3054 descendunt
1235 2993 1268 3052 in

350 3092 419 3132 eum
445 3075 620 3153 morientes.
664 3074 715 3135 sio
742 3077 822 3135 enim
853 3082 940 3155 optat
959 3077 1018 3136 illis
1040 3077 1089 3136 Ps.
1112 3079 1144 3140 9:
1188 3075 1268 3135 Gon·

347 3162 506 3217 vertantur
534 3157 565 3216 in
587 3158 737 3217 infernum
760 3177 869 3219 amnes
891 3166 1016 3239 gentes,
1043 3179 1123 3238 quae
1144 3158 1268 3219 oblivis·

349 3244 457 3298 cuntur
476 3239 592 3315 Deum,
616 3247 647 3301 et
662 3240 748 3301 alibi:
785 3241 974 3302 descendant
992 3244 1023 3302 in
1044 3242 1197 3301 infernum
1225 3242 1267 3300 vi-

353 3329 471 3385 ventes.
514 3322 604 3383 Unde
632 3343 722 3383 verus
750 3325 846 3384 iustus
875 3344 982 3385 amnes
1004 3324 1138 3385 conlidit.
1153 3324 1268 3384 salvari

350 3411 382 3464 et
403 3424 471 3464 sese
485 3406 571 3465 timet
586 3406 781 3468 solummodo
798 3407 945 3485 damnari,
968 3414 999 3468 et
1019 3408 1097 3468 haee
1118 3406 1271 3469 sethona

349 3488 506 3567 cogitatio,
529 3494 560 3548 et
580 3489 667 3548 multi
691 3508 757 3549 eam
774 3489 889 3550 habent
908 3497 940 3551 et
952 3487 1111 3551 utilitatem
1135 3491 1201 3549 elus
1224 3490 1268 3569 ig-

349 3578 470 3631 norant.
514 3570 565 3631 sio
587 3572 668 3631 enim
690 3572 742 3631 ille
762 3573 908 3634 uariarius
922 3572 1149 3634 Alexandrinus
1161 3572 1192 3634 S.
1206 3572 1268 3631 An·

349 3654 434 3714 tonio
458 3656 598 3733 superior
616 3654 688 3733 fuit,
721 3656 794 3734 quia
820 3658 922 3735 putuit
950 3656 1069 3735 disere,
1101 3675 1136 3717 se
1167 3655 1269 3715 solum

349 3735 569 3813 damnabilem,
603 3746 722 3797 eeteros
752 3758 860 3799 omnes
887 3738 1066 3817 salvabiles,
1104 3738 1187 3817 quod
1209 3758 1270 3799 nee
1300 3734 1304 3743 '

297 3858 304 3870 ,
348 3820 414 3896 ipse
455 3827 578 3898 poterat
610 3816 753 3899 usquam,
792 3824 913 3882 tametsi
956 3822 995 3882 de
1028 3842 1062 3883 se
1092 3821 1267 3883 affirmaret.

342 3900 463 3967 ,Contra
473 3903 595 3982 superbi
614 3922 721 3965 omnes
744 3905 823 3965 alius
837 3905 1039 3985 damnabiles,
1061 3925 1097 3971 ss
1118 3923 1192 3965 veru
1216 3923 1265 3965 so-
