3075 4750
571 480 605 535 de
622 481 813 552 indulgentiis.
1094 476 1158 544 271

234 651 374 728 nomine,
397 649 488 712 titulo
509 655 541 712 et
555 649 725 731 insignibus
740 647 860 710 Albsrti
881 647 1105 730 srcbiepiscopi
1128 654 1161 709 et

236 734 382 795 electoris
406 733 595 814 Moguutiui‚
630 735 769 813 quemvis
797 751 898 812 neque
919 734 1037 802 conscii
1058 749 1160 811 neque

175 847 178 851 ·
236 817 473 894 consentientis,
496 817 594 895 editu,
616 816 729 896 ubique
751 817 790 878 eb
811 822 938 876 auctore
959 815 1162 896 evulgebutur

237 908 267 961 et
284 901 440 960 euerrirne
468 900 749 960 commendabatur.
798 899 896 958 Huius
923 898 1019 959 libelli
1050 915 1160 978 prope·

236 982 365 1044 modum
390 982 547 1044 oblivione
570 985 710 1062 oppressi
732 981 878 1060 reliquias
898 983 1012 1061 primus
1025 999 1087 1041 vou
1106 981 1161 1041 der

235 1065 336 1127 Herdt
349 1066 381 1125 iu
395 1065 531 1125 Historia
547 1066 697 1126 Litererie
713 1063 960 1125 Reiormutiouis'
970 1063 1003 1124 P.
1015 1065 1057 1124 lV
1072 1083 1103 1144 p.
1121 1065 1161 1126 14
1283 1141 1286 1145 ¹

236 1169 275 1208 ex
288 1147 444 1208 schedulis
458 1149 599 1208 luceretis
611 1147 811 1208 excudendus
825 1148 907 1227 typis
919 1149 1045 1224 curavit,
1067 1156 1160 1226 etque

236 1231 274 1292 de
282 1232 372 1292 istius
382 1229 604 1309 instructionis,
620 1233 768 1310 quueiem
778 1249 841 1291 nou
853 1238 920 1290 totu
930 1247 1030 1308 neque
1039 1231 1162 1311 integre

235 1319 386 1394 superest,
413 1313 585 1394 fragmento
614 1315 692 1374 hsec
725 1320 847 1373 mouet:
875 1313 1042 1389 „Frustum
1080 1313 1161 1372 illius

237 1398 448 1458 instructionis
470 1398 591 1478 insigne
613 1397 664 1457 bic
685 1396 865 1457 exhibemus
886 1396 1083 1475 reliquismm
1108 1415 1162 1456 uu·

237 1498 341 1558 mero,
372 1498 447 1558 ques
477 1481 624 1540 mirentur
652 1481 784 1560 posteri3
805 1479 868 1539 hoc
886 1479 1066 1559 spondulum
1086 1478 1162 1538 illud

236 1562 408 1642 publicum,
444 1563 511 1624 siue
545 1564 629 1623 iussu
662 1569 694 1622 et
726 1563 909 1622 auctoritate
942 1560 1099 1622 Pontificis
1131 1567 1164 1622 et

236 1645 390 1708 tilecmris
409 1646 771 1706 uut·(lcmmisssriorum
795 1646 1007 1724 primericrutu
1030 1644 1161 1723 editum,

236 1728 298 1790 boo
319 1728 401 1788 illius
426 1730 535 1788 eetutis
559 1735 746 1806 monstrum,
776 1727 858 1807 quod
880 1730 1011 1787 urmevit
1030 1728 1162 1807 Levites,

236 1818 269 1872 ut
289 1811 508 1872 inveherentur
530 1813 559 1872 iu
581 1812 652 1872 illos
673 1812 824 1890 infaustos
854 1819 885 1871 et
912 1811 1073 1871 intestinos
1101 1811 1162 1870 cul·

235 1901 339 1972 tores3
365 1893 537 1955 Leviterum
559 1895 684 1972 ferrum,
708 1895 844 1954 celemus
865 1893 1006 1972 Lutherig
1026 1894 1162 1974 pruscie-

235 1978 359 2038 rissims
379 1977 458 2037 baec
477 1978 625 2038 historiee
647 1996 732 2057 pers,
761 1995 841 2056 quse
868 1983 1007 2037 nostruin
1028 1983 1162 2038 aetutem

235 2062 296 2123 ium
322 2060 451 2140 fugeret.
488 2061 665 2140 Vuldcpere
686 2060 868 2139 uniendum,
890 2061 1075 2122 collectores
1090 2078 1163 2140 ope

235 2164 302 2204 rum
331 2143 453 2224 Lutberi
474 2161 600 2224 prorsus
614 2144 804 2224 neglexisse
826 2143 909 2203 bunc
939 2145 1078 2204 fomitem
1118 2146 1162 2204 iu·

236 2225 337 2287 uendii
361 2233 423 2285 seru
438 2227 551 2307 magui,
569 2245 629 2306 quo
644 2245 707 2288 uon
728 2227 854 2307 cognito
872 2233 965 2305 etque
977 2226 1076 2307 probe
1095 2244 1163 2306 per·
1240 2231 1247 2242 ⁶
1274 2238 1282 2247 ¹

235 2308 957 2535 lligffislbbffloillilfilhdbplii‘ssnlff
985 2314 1162 2473 iiiiii

238 2496 309 2537 rure

318 2558 386 2619 Nos
414 2566 446 2619 et
474 2560 531 2637 ipsi
553 2559 608 2619 bus
630 2560 777 2639 reliquias
799 2560 888 2619 istius
907 2560 1098 2621 Summsriue
1118 2560 1163 2619 iu

237 2644 414 2703 structionis
453 2644 534 2721 typis
568 2642 754 2723 repetendus
782 2645 977 2721 curavimus,
1016 2643 1163 2721 quonism

236 2725 388 2787 liutherus
423 2727 546 2804 saepius
576 2725 615 2785 de
640 2726 695 2785 ille
715 2726 918 2786 instructione
940 2726 1079 2785 meminit
1099 2732 1162 2785 tem

236 2810 266 2869 iu
288 2808 426 2887 epistole
446 2810 486 2869 ud
509 2807 668 2869 lllbcrtum
689 2809 836 2889 Archiep.
859 2816 891 2868 et
910 2807 1009 2870 Eileoi.
1025 2809 1163 2889 Mogunt.

237 2892 267 2951 iu
296 2890 411 2971 vigilis
432 2893 578 2950 omnium.
591 2892 774 2952 Sanctorum
797 2911 827 2953 u.
850 2890 931 2955 1517
953 2892 1041 2969 dete,
1070 2910 1163 2970 quum

236 2976 265 3033 iu
299 2973 379 3033 libro
411 2973 596 3034 Germanico
630 2976 680 3053 qui
708 2975 898 3035 inscribiturt
942 2975 1051 3035 Wider
1077 2975 1163 3050 Heus

237 3056 354 3117 Wurst.
377 3056 457 3117 Edit.
481 3057 605 3137 Etleng.
622 3058 711 3118 Turn.
734 3057 843 3135 XXVI,
868 3062 895 3119 1.
934 3057 1037 3119 Secuti
1060 3076 1164 3122 sumus

236 3140 264 3199 iu
288 3148 377 3201 textu
399 3139 557 3200 reddendo
580 3160 642 3200 von
665 3142 720 3201 der
737 3140 856 3201 Hardtii
877 3140 986 3201 librum
1007 3141 1163 3203 leudeinus

236 3224 358 3284 collutis
381 3222 547 3282 Loescberi
568 3223 654 3283 Actis
676 3225 929 3304 Resormutiouis,
950 3225 986 3286 T.
1007 3226 1029 3287 l.
1047 3245 1078 3305 p.
1101 3228 1163 3291 415

236 3325 299 3385 sqq.
326 3304 530 3381 (Germanice
553 3326 602 3385 up.
626 3306 802 3368 Walchium
824 3306 882 3369 XV
907 3329 936 3389 p.
959 3307 1048 3391 4¹8),

235 3442 502 3523 Fragmentum
532 3440 776 3503 Summariee
814 3443 870 3505 Jo.
910 3443 1084 3517 Tetzelii
1111 3444 1162 3506 lu·

236 3524 472 3587 structionis
506 3521 752 3588 secerdotum
788 3526 832 3586 sd
868 3527 1163 3607 praedicandus

556 3608 841 3689 indulgentius.

316 3727 451 3785 Possunt
471 3725 591 3785 absolvi
613 3734 645 3785 et
666 3726 836 3806 dispensari
858 3746 878 3785 u
890 3743 1075 3807 quecunque
1090 3726 1162 3786 irre·

237 3810 399 3887 gulsritute
422 3815 590 3887 contrecta,
613 3810 752 3889 exeeptis
775 3809 1029 3889 provenientibus
1050 3828 1091 3869 ex
1109 3810 1162 3869 ho-

237 3892 357 3952 micidio
381 3890 556 3951 voluntario
579 3899 611 3951 et
633 3892 776 3973 bigemie.

313 3975 392 4037 Item
415 3974 466 4053 qui
489 3974 593 4053 ulique
613 3977 843 4054 coniunctione,
863 3974 1074 4055 spirihsalivel
1099 3992 1163 4037 cer-
1187 4005 1190 4016 ·
