3075 4750
585 466 739 523 silvestri
757 471 908 525 Prteriotia.
1138 468 1201 535 323
1294 447 1304 455 ’

269 635 493 783 ριιιιιριιιιι,
510 644 541 699 et
571 636 611 699 sd
648 657 777 715 omnem
804 639 978 703 baeresim
996 638 1197 771 abiurandam

271 739 372 802 eugen
397 739 433 781 us

355 805 415 881 81)
441 804 529 867 Mart.
552 804 638 865 ιἰοιι
658 803 739 867 haec
758 805 927 869 licentiosa
941 769 1097 870 veniarum
1112 824 1197 885 prae-

262 887 407 965 ,diuatim
436 893 469 949 ιι
492 906 554 947 nec
582 889 789 950 reverentiam
810 908 911 968 papae
933 888 1037 951 facile
1044 889 1094 953 ιιι
1092 890 1198 965 etiam

274 970 378 1032 doctis
399 970 474 1031 viris
492 970 645 1032 redimere
666 990 687 1033 a
707 970 882 1048 calumniis,
904 978 958 1033 snt
979 980 1063 1035 certa
1085 954 1200 1052 argutis

273 1058 386 1133 quaest
373 1052 507 1115 tionibus
531 1053 691 1117 laicorum
788 1098 795 1117 ,
1183 1094 1186 1110 ,

355 1135 412 1199 Sil.
433 1136 565 1198 Pulchre
586 1136 643 1198 sub
666 1137 773 1199 colore
797 1157 979 1201 excessuum
1002 1096 1123 1216 eorum,
1145 1137 1197 1217 nui

274 1219 470 1297 declamant,
493 1220 632 1281 iterum
624 1222 796 1301 impingere
817 1222 863 1281 vis
884 1220 1078 1301 pontificem,
1107 1239 1197 1301 quae·

271 1302 385 1368 ationis
405 1302 592 1365 saecularibus
609 1302 777 1383 ascribens,
801 1303 855 1365 sed
878 1324 946 1386 age,
969 1324 1007 1365 en
1020 1304 1198 1367 severentia

272 1392 305 1447 et
332 1404 422 1448 amor
451 1384 491 1445 ad
505 1385 700 1481 ,ροιιιιιιοιιιι
721 1385 847 1450 docebit
869 1407 918 1448 me
938 1350 1064 1449 solvere
1083 1387 1196 1450 insolu-

271 1468 348 1531 bilia
368 1469 460 1549 tua,
451 1469 571 1548 maipa:
787 1514 789 1523 .
1157 1506 1161 1516 ι

263 1577 267 1584 ι
355 1549 684 1647 astituecense
709 1570 763 1613 cur
790 1571 871 1633 pape
892 1564 954 1613 ιιοιι
976 1557 1107 1614 evacuat
1127 1572 1195 1631 pur-

272 1635 429 1716 gatorium
448 1641 576 1715 propter
589 1622 813 1697 moetissimam
826 1635 985 1709 caritatem
1000 1640 1195 1699 etieummam

272 1718 445 1779 animarum
466 1718 692 1795 nenessitatem,
715 1724 747 1779 ut
767 1737 892 1781 eausam
913 1717 1198 1781 omniuniustissia

271 1820 373 1879 mam,
401 1799 473 1879 ιι*)
504 1799 640 1861 infinitas
668 1802 787 1863 animas
815 1800 938 1863 redimit
958 1807 1088 1881 propter
1106 1819 1196 1882 peon

271 1885 355 1947 niam
379 1883 618 1945 funestissimam
640 1884 680 1944 ad
702 1890 800 1945 struet
800 1902 888 1945 uram
906 1882 1062 1961 basilicae,
1084 1890 1197 1945 utcau·

271 1986 340 2029 sam
366 1966 563 2030 levissimam.
962 2006 965 2015 .

356 2048 409 2112 sil
432 2050 534 2128 Deus,
557 2050 608 2128 qui
630 2056 777 2147 tanquam
799 2069 895 2131 agens
917 2068 1110 2131 supremum,
1131 2058 1194 2111 ont-

273 2134 330 2193 n'ia
351 2133 444 2196 uertit
464 2152 502 2193 ac
522 2131 653 2213 dirigit·
644 2152 676 2193 ιιι
697 2130 791 2195 finem
819 2139 1026 2229 postremum,
1054 2132 1138 2193 unde
1165 2140 1197 2195 et

274 2234 386 2278 omnes
408 2214 550 2277 homines
569 2215 636 2276 vult
645 2215 750 2277 salvos
764 2215 841 2293 fleri,
855 2214 930 2277 nulii
943 2215 1040 2277 νοιιιιι
1055 2196 1195 2297 gratiam,

273 2318 338 2396 qua
357 2297 391 2359 in
420 2297 513 2359 finem
539 2297 625 2361 ilium
653 2298 823 2396 dirigatur
827 2306 858 2361 et
887 2298 1034 2378 salvatam,
1062 2298 1195 2380 elargiri,

271 2383 332 2444 nisi
354 2402 395 2444 ex
416 2389 503 2479 parte
525 2384 600 2460 eius,
617 2383 668 2461 qui
679 2385 808 2479 gretiam
821 2389 887 2444 erat
899 2389 1090 2463 accepturus,
1113 2389 1196 2450 esset

270 2467 468 2546 praeparatio
490 2464 651 2562 quaedam,
674 2467 857 2527 etmeritum
867 2466 1081 2548 eongruitatis,
1103 2484 1193 2545 quem

271 2555 471 2630 apparatum
477 2545 529 2628 qui
544 2548 664 2610 habere
676 2556 842 2629 nequeun
860 2556 894 2611 ut
904 2548 1048 2627 infantes
1068 2548 1117 2610 ιιιι
1129 2548 1195 2608 vult

271 2629 435 2712 suffragari
463 2651 520 2712 per
547 2631 636 2694 alios.
681 2631 818 2694 Christus
841 2651 965 2711 quoque
985 2633 1039 2710 quei
1061 2651 1118 2712 pro
1140 2649 1194 2694 no·

269 2715 318 2778 bis
339 2713 480 2778 infinitae
499 2715 718 2777 satisfactionis
738 2716 915 2811 passionem
939 2715 1022 2798 tulit,
994 2721 1107 2776 ιιιοιι
1129 2714 1195 2775 vult
1249 2761 1263 2788 ,

270 2798 356 2864 illam
380 2795 470 2860 nobis
492 2797 668 2879 suffragari,
694 2799 753 2858 nisi
780 2815 839 2860 noa
867 2817 923 2877 per
949 2787 1021 2862 nost
1022 2816 1087 2859 ram
1107 2798 1195 2858 satis

270 2881 439 2943 factiosam
460 2879 697 2942 insufficientem
719 2882 785 2942 eius
808 2881 1010 2942 satisfactioni
1031 2878 1196 2944 sufficienti

249 2971 303 3024 *et
325 2963 617 3043 superabundanti
609 2983 778 3060 iungamur.
823 2963 899 3026 Cum
922 2982 996 3044 ergo
1018 2964 1103 3026 Deus
1124 2971 1196 3045 ροιι

270 3065 407 3127 poenam
428 3046 551 3108 animae
573 3066 613 3108 ex
634 3047 820 3110 contritione
847 3053 879 3108 et
911 3046 1049 3108 clavibus
1079 3048 1193 3110 miseri

271 3129 408 3192 corditer
427 3128 641 3226 abolitsm**)
674 3150 714 3190 ex
741 3150 798 3190 sua
820 3130 909 3192 simul
932 3129 1143 3193 misericordia
1164 3140 1195 3192 et

269 3213 389 3278 iustitia
411 3212 503 3278 talem
526 3214 660 3274 animam
682 3212 837 3279 addixerit
861 3212 916 3276 tali
942 3232 1065 3294 poenae
1093 3213 1193 3274 exsol-

271 3296 411 3373 vendae,
438 3303 513 3376 puta
539 3315 689 3361 annorum
718 3303 857 3376 eentum,
880 3316 941 3377 qua
961 3297 1081 3358 ratione
1102 3294 1195 3356 debet

270 3379 413 3460 pontifex
444 3384 540 3440 totam
567 3377 653 3443 iilam
683 3398 835 3459 poenam,
869 3375 921 3442 vel
954 3380 1046 3440 etiam
1074 3383 1193 3474 partem

269 3462 413 3524 relaxare
435 3480 505 3524 eum
527 3468 612 3524 tanto
633 3463 824 3542 praeradiare
836 3464 971 3526 rustrtrae
981 3459 1113 3538 divinae,
1135 3460 1193 3524 nisi

271 3564 312 3605 ex
342 3551 430 3625 parte
460 3543 530 3604 talis
558 3546 680 3611 animae
707 3545 835 3624 aliquod
868 3546 1008 3606 meritum
1039 3541 1193 3620 efferatam,

269 3635 348 3709 puta
371 3626 581 3709 eleemosyna,
602 3630 684 3690 aut
676 3629 833 3706 ieiunium,
856 3633 909 3708 aut
930 3626 1037 3688 oratio
1044 3644 1118 3702 ase,
1141 3631 1194 3686 aut

270 3711 310 3774 ab
331 3710 396 3772 alio
400 3729 492 3845 pro
496 3730 532 3771 se
554 3710 714 3774 oblatum?
757 3708 833 3773 Inde
854 3697 917 3788 est,
945 3707 1031 3788 qaod
1058 3707 1193 3770 clamant

214 4058 222 4083 ,
261 4021 266 4030 ’
326 3987 497 4064 *Jinedie
513 3992 574 4050 ιὸιι.
594 3988 690 4048 deestz'
710 3991 743 4045 ιι.
781 3989 830 4061 “J
852 3989 938 4047 lbra:
959 3987 1103 4046 obolitum.
