3075 4750
388 456 451 522 190
706 459 855 517 Sermones
874 460 984 517 Lrthcri
1083 542 1087 546 ι
1244 552 1247 557 1
1369 440 1372 589 p

386 628 490 709 pudor
519 630 640 707 peccati
662 628 804 691 confiteri
826 630 987 710 prohibet,
1008 628 1210 710 apprehende
1229 629 1308 691 hanc

386 719 504 793 partem
527 713 610 772 vitae
633 712 821 790 inllhristo,
844 732 905 792 quc
926 714 1024 775 voluit
1044 715 1110 793 ipse
1133 714 1308 777 circumcidi

302 850 306 856 .
386 803 419 855 et
439 801 586 876 peccator
607 798 751 876 reputati,
774 802 805 857 et
827 815 952 877 oppone
973 796 1034 857 hoc
1050 796 1234 876 cogitationi
1257 816 1309 875 pu-

385 878 469 939 doris
504 879 627 939 intenso
659 878 789 957 affectu,
822 878 972 941 dicendo:
1009 879 1042 943 Si
1069 880 1222 941 Dominus
1255 898 1308 939 rex

385 962 520 1021 iustitiae
529 967 561 1020 et
575 960 661 1021 filius
674 964 799 1043 virginis
813 962 1015 1024 etDcivcluit
1027 948 1172 1042 peocdtor
1186 962 1265 1041 fieri,
1279 970 1309 1023 et

385 1064 449 1104 non
458 1043 574 1123 puduit,
590 1044 662 1123 quid
676 1065 736 1127 ego
754 1053 870 1107 stercus
880 1053 911 1107 et
921 1046 1021 1125 pulvis
1035 1044 1307 1125 pudesoamfatcri,
1371 1100 1372 1105 ,

384 1126 563 1207 quodsum.
584 1127 667 1189 Ecce
675 1130 737 1189 hoc
745 1130 825 1189 iusto
844 1131 976 1209 impulsu
984 1128 1307 1191 abscindeturillctur-
1371 1148 1372 1179 ³

384 1212 432 1290 pis
461 1212 610 1290 cogitatio
640 1218 672 1271 et
703 1213 817 1273 malum
844 1213 1036 1293 praeputium
1058 1206 1164 1273 'cordis
1195 1214 1306 1273 acutis·
1371 1228 1372 1259 t

385 1296 463 1353 simo
496 1294 551 1354 illo
582 1296 727 1375 exemplo
745 1305 778 1355 et
798 1296 896 1355 cultro
919 1297 1049 1376 petrino.
1087 1294 1137 1357 Sic
1160 1302 1191 1355 te
1214 1296 1242 1355 si
1264 1298 1309 1357 ira

384 1376 551 1437 turbaverit
571 1376 718 1438 adversus
747 1380 938 1458 proximum,
974 1378 1087 1441 malum
1114 1384 1198 1439 certe
1218 1398 1305 1457 pras·
1371 1394 1372 1415 ¹

384 1461 516 1540 pntium,
548 1462 651 1520 statim
684 1462 881 1541 apprehende
909 1462 1039 1523 cultrum
1073 1482 1112 1521 ex
1133 1468 1242 1541 peno,
1277 1469 1306 1521 et

383 1545 500 1628 cogita:
533 1543 616 1603 Ecce
637 1546 787 1606 Dominus
810 1564 866 1625 pro
891 1565 940 1605 nre
962 1545 1053 1625 friget
1074 1546 1105 1605 in
1127 1546 1305 1625 praesepio,
1371 1572 1372 1597 2

384 1629 447 1687 imo
470 1626 590 1687 laborat
612 1633 678 1688 tota
700 1630 780 1706 vita,
803 1628 927 1689 tandem
950 1633 1019 1689 or'at
1039 1647 1094 1708 pro
1118 1628 1171 1707 iis,
1195 1628 1305 1707 quibus

384 1710 584 1769 iustissimum
606 1717 673 1770 erat
692 1712 800 1789 irasci,
823 1718 854 1772 et
875 1731 933 1792 ego
955 1710 1055 1791 pulvis
1078 1729 1140 1771 non
1163 1712 1304 1775 omittam
1371 1732 1372 1771 ι

383 1812 484 1854 meam
507 1793 583 1852 iram
615 1800 723 1853 contra
742 1794 869 1855 tratrem
890 1814 1009 1873 meum,
1043 1812 1080 1855 rc
1107 1812 1170 1855 non
1199 1795 1303 1873 potius

382 1895 439 1954 pro
462 1895 501 1936 ec
524 1875 620 1936 orabo
642 1884 674 1936 et
694 1876 808 1937 bonnm
830 1896 886 1957 pro
910 1878 992 1938 malo
1017 1876 1153 1939 reddam.
1192 1876 1245 1937 Sic
1277 1878 1303 1935 si
1371 1950 1372 1953 Ἴ

382 1968 414 2018 tc
449 1959 568 2039 species
590 1959 724 2019 mulieris
744 1960 866 2040 palpat,
902 1967 934 2021 ct
965 1961 1065 2024 camis
1094 1959 1197 2019 titillat
1218 1961 1303 2039 cogi·
1371 1960 1372 2007 l

382 2043 477 2120 tatio‚-
493 2048 598 2100 natum
615 2049 663 2103 est
684 2042 770 2103 cordi
792 2045 994 2123 praeputium.
1037 2042 1161 2103 Accede
1181 2042 1224 2102 ed
1250 2062 1301 2122 pe·

382 2131 459 2183 tram
495 2132 526 2184 ct
561 2124 624 2187 dic:
667 2128 817 2200 Dominus
852 2146 938 2187 meus
973 2126 1123 2187 dirissime
1153 2124 1241 2187 dolet
1271 2127 1300 2185 in

382 2227 489 2287 cruce,
524 2215 555 2267 et
583 2228 643 2289 ego
671 2210 809 2270 delector
837 2210 868 2268 in
891 2209 1004 2271 carne?
1047 2208 1099 2270 Sic
1118 2208 1207 2269 Urias
1241 2206 1301 2273 Ae·
1371 2220 1372 2275 i

379 2292 490 2351 thaeus
500 2291 648 2353 abstinuit
668 2292 707 2353 ab
729 2311 826 2353 uxore
849 2300 880 2353 et
900 2292 1044 2353 dormivit
1064 2293 1095 2352 in
1117 2298 1207 2371 terra,
1231 2293 1303 2371 quia
1371 2294 1372 2363 ξ

378 2394 451 2438 arca
467 2376 526 2436 Dei
546 2382 578 2436 et
598 2377 731 2457 populus
750 2382 854 2436 essent
874 2379 904 2438 in
928 2396 1038 2455 campo
1061 2382 1092 2435 et
1114 2375 1208 2454 bello,
1230 2377 1252 2436 i.
1274 2396 1301 2436 e.
1371 2429 1372 2452 2

380 2458 518 2519 Christus
555 2479 624 2520 oum
654 2461 768 2520 sanctis
799 2460 860 2520 suis
888 2461 921 2521 in
954 2459 1158 2539 passionibus.
1202 2457 1301 2522 Simili
1371 2485 1372 2490 ¹

381 2543 475 2603 modo
507 2542 547 2603 dc
570 2543 712 2604 omnibus
732 2543 801 2604 eliis
824 2542 983 2604 desideriis
1002 2543 1090 2604 malis
1114 2541 1300 2606 laciendum.

377 2625 464 2688 Haeo
490 2633 538 2692 est
567 2627 757 2686 circumcisio
788 2627 820 2686 in
844 2627 950 2706 spiritu
971 2645 1028 2706 per
1050 2627 1195 2706 gratiam,
1228 2627 1301 2704 quia

379 2705 518 2770 Christus
545 2710 655 2788 plenus
678 2716 725 2769 est
746 2710 859 2789 gretia,
889 2717 920 2771 et
948 2729 1010 2770 non
1032 2715 1136 2788 potest
1157 2709 1299 2788 cogitari,
1371 2749 1372 2766 i

376 2799 522 2870 quantam
535 2793 630 2852 stillet
648 2794 679 2852 in
702 2811 756 2853 cor
771 2793 967 2873 cogitationis
980 2793 1110 2872 gratiam
1128 2798 1160 2852 et
1180 2791 1297 2852 bonum
1371 2839 1372 2848 ,

377 2874 512 2936 modum.
556 2875 691 2936 Vulnera
710 2877 793 2936 enim
815 2877 880 2936 eius
902 2886 1027 2954 aperta,
1055 2881 1086 2936 et
1107 2879 1190 2936 totus
1211 2894 1298 2935 mun-

375 2957 433 3017 dus
454 2959 529 3018 nihil
550 2959 686 3038 impedit,
709 2978 770 3039 quo
794 2960 893 3018 minus
916 2959 1039 3038 sanguis
1063 2958 1127 3019 eius
1150 2957 1247 3021 stillet
1266 2959 1297 3017 in

377 3059 432 3101 cor
453 3044 594 3122 cogitans
617 3061 696 3119 cum,
718 3061 790 3102 nam
815 3027 1108 3102 etlraemorrhousc
1129 3047 1212 3101 tacta
1233 3039 1298 3101 fim—

377 3123 444 3186 bria
464 3127 643 3185 vestimenti
664 3127 729 3184 eius
752 3124 872 3184 salvata
894 3131 950 3185 est.
994 3123 1113 3184 Deinde
1135 3123 1219 3202 quod
1243 3125 1297 3184 cir-

374 3210 522 3269 cumcisio
554 3207 649 3268 fiebat
679 3215 797 3268 tanturn
830 3208 862 3268 in
897 3209 1058 3287 praeputio
1088 3213 1121 3267 et
1155 3207 1295 3268 membro
1371 3267 1372 3272 ,

376 3291 465 3371 virili,
487 3291 519 3351 id
542 3290 704 3372 significat,
726 3289 811 3369 quod
833 3290 982 3370 originale
1004 3290 1128 3368 malum,
1148 3289 1233 3369 quod
1255 3310 1295 3352 cx
1371 3283 1372 3362 Ῑ

374 3393 413 3436 ea
432 3381 520 3454 parte
549 3375 635 3435 venit
661 3376 693 3433 in
723 3393 832 3434 omnes
863 3373 1020 3452 homines,
1055 3373 1231 3436 circumcidi
1264 3374 1294 3433 in

374 3460 481 3538 spiritu
510 3465 661 3537 oportent
703 3456 761 3516 Est
790 3463 892 3518 autem
922 3457 1072 3536 originale
1094 3455 1208 3516 malum
1232 3456 1295 3522 uni·
1371 3453 1372 3464 ’

371 3560 463 3602 versa
492 3542 561 3621 ipsa
591 3541 747 3620 corruptio
775 3548 902 3600 naturae
926 3540 957 3600 in
987 3547 1049 3600 tom
1078 3539 1183 3600 multis
1205 3538 1295 3603 malis

283 3626 315 3668 '·
372 3626 507 3685 motibus
540 3626 619 3702 irae,
652 3623 829 3703 superbiae,
863 3623 1019 3701 luxuriae,
1051 3622 1200 3682 avaritiae
1235 3629 1294 3683 etc'.

337 3763 341 3777 ,
372 3707 476 3782 Quare
498 3708 689 3768 circumcisio
710 3708 742 3766 in
765 3726 804 3766 eo
828 3707 909 3785 loco,
933 3713 964 3766 et
985 3725 1048 3766 non
1070 3705 1102 3766 in
1124 3723 1216 3766 manu
1240 3711 1294 3764 aut

371 3791 452 3870 pede
473 3798 527 3851 aut
547 3791 662 3872 lingua,
684 3788 847 3870 significat,
869 3789 952 3868 quod
975 3808 1038 3848 non
1061 3794 1178 3848 tantum
1197 3807 1296 3866 opera

371 3881 425 3934 aut
444 3874 539 3935 verba·
560 3873 616 3933 sed
636 3892 762 3954 prorsus
784 3877 850 3933 tota
879 3873 1022 3952 origoct
1044 3870 1215 3934 substantia
1239 3891 1293 3932 no

257 4001 260 4004 -
370 3964 435 4019 stra
445 3959 476 4018 in
487 3959 562 4020 vitio
573 3964 621 4019 est
631 3963 663 4018 et
673 3955 883 4036 cxpiurgcnda,
896 3954 980 4035 quod
994 3974 1057 4018 non
1072 3955 1132 4016 nisi
1146 3973 1203 4036 per
1225 3974 1294 4036 grs-
