3075 4750
301 539 305 546 .
357 491 399 558 78
629 526 632 533 -
678 492 827 546 Sermones
845 458 956 548 lutheri
998 484 1003 498 ³
1063 506 1066 509 ’

358 664 541 741 vanitatum,
564 661 583 722 i.
608 680 634 722 s.
656 661 751 722 homo
774 665 806 721 et
826 661 930 723 omnio
951 662 1070 722 vanites
1092 665 1165 720 sunt
1183 677 1276 740 prop·
1386 714 1387 739 ,

357 752 405 808 ter
437 748 554 826 ipsum,
587 745 659 824 quio
690 744 866 824 spostolus,
894 744 1024 805 'vsuitsii
1049 744 1071 807 i.
1100 761 1128 804 e.
1158 742 1278 803 homini

359 829 497 892 subiecto
518 834 566 889 est
588 828 688 888 omnis
716 834 870 908 ereatura,
898 833 930 888 et
958 827 1030 888 ideo
1057 827 1126 906 ipss
1151 843 1278 905 quoque

357 931 447 973 vens.
490 909 551 972 Sed
573 917 676 972 tumen
697 910 793 972 homo
808 912 917 972 vivens
932 910 1295 986 estveuitesunlversn,

359 1013 428 1054 eum
449 997 516 1074 ipse
537 995 577 1056 sit
597 1013 700 1073 oouse,
723 1013 818 1073 quare
839 996 902 1055 slis
921 1002 1003 1054 voire
1024 995 1094 1070 sint,
1116 993 1188 1072 quio
1208 993 1278 1072 ipse

358 1097 455 1138 venus
477 1097 557 1138 vane
576 1079 614 1138 iis
642 1079 750 1157 utitur,
780 1095 859 1139 vane
888 1077 1047 1158 intelligit,
1075 1095 1156 1136 sone
1184 1082 1277 1154 amet,
1386 1070 1387 1125 ἶ

357 1167 511 1240 tunquonu
525 1162 587 1222 sint
606 1179 655 1220 res
679 1167 711 1221 et
730 1161 854 1221 ultimus
883 1159 968 1239 fluis,
1000 1179 1068 1220 eum
1097 1160 1159 1218 sint
1188 1159 1278 1238 signe
1386 1178 1387 1243 u

358 1263 458 1304 rerum
481 1252 513 1306 st
532 1243 635 1304 medie
656 1250 802 1322 tunquam
824 1244 876 1305 'vio
896 1251 928 1305 et
941 1244 1076 1324 speeuls.
1118 1242 1277 1302 Detruotio
1386 1282 1387 1305 i

358 1327 393 1388 iit
413 1329 511 1408 primo
534 1317 643 1388 falsum
666 1327 866 1407 imponendo,
889 1327 1153 1387 seeundo'verum
1175 1323 1278 1393 oooul-

359 1418 422 1472 tum
450 1410 573 1491 publiee
600 1410 809 1490 imponendo,
844 1411 934 1472 tertio
965 1429 1071 1473 verum
1099 1410 1277 1488 impositum
1386 1458 1387 1473 ,

359 1494 515 1576 negando.
559 1493 706 1554 Videatur
727 1492 862 1555 Gabriel.

563 1621 830 1696 corollarium
859 1623 1080 1685 seeundum.
1167 1693 1169 1696 ,

443 1740 545 1801 Homo
580 1747 717 1800 mortuus
751 1759 814 1801 non
850 1747 897 1801 est
929 1743 1049 1802 vannos
1076 1740 1132 1802 sed
1160 1741 1278 1800 vivens.

360 1825 477 1885 Vivens
499 1830 554 1903 est,
578 1823 630 1902 qui
651 1823 823 1885 seeundum
845 1843 968 1886 earnem
989 1826 1066 1884 vivit
1084 1826 1117 1884 in
1139 1823 1279 1884 sensibus
1386 1826 1387 1833 ’

360 1909 440 1968 siout
461 1925 571 1987 peeus,
594 1907 666 1985 quis
686 1906 781 1967 homo
804 1914 941 1968 mortuus
964 1907 1132 1968 seeundum
1154 1925 1279 1967 earnem

361 1993 422 2052 ism
443 1991 511 2070 plus
535 2009 626 2069 quum
648 1990 759 2069 honio,
793 1989 895 2051 taliter
922 1992 1030 2052 vivens
1053 1998 1100 2052 est
1121 1989 1201 2050 illius
1222 1991 1280 2050 Dei

360 2081 393 2134 et
414 2074 493 2134 siout
514 2072 652 2154 angelus.
706 2073 758 2134 Sie
780 2073 853 2134 illud
882 2074 1077 2155 intelligitur,
1105 2093 1167 2134 non
1197 2074 1280 2133 iusti·

359 2156 500 2218 lioobitur
520 2157 552 2217 in
575 2164 745 2237 oouspeetu
767 2164 820 2218 tuo
843 2159 943 2218 omnis
970 2157 1063 2218 homo
1092 2158 1201 2217 vivens
1223 2155 1279 2216 sed

360 2241 440 2302 bene
459 2247 607 2301 mortuus.
652 2239 704 2302 sio
724 2239 819 2319 illud,
840 2259 905 2301 non
923 2239 1040 2302 videbit
1060 2258 1110 2300 me
1131 2240 1226 2300 homo
1250 2244 1282 2299 et

235 2321 240 2332 “
360 2325 453 2408 vivet,
476 2324 547 2405 quie
569 2331 707 2385 mortuus
728 2343 821 2385 osrne
842 2322 988 2385 omoiflxe
1009 2330 1057 2385 est
1080 2322 1213 2401 ludicris,
1237 2329 1280 2383 te-

361 2408 407 2468 les
428 2414 531 2469 eutem
552 2408 700 2469 videbunt
713 2407 823 2469 Deum.
866 2409 986 2468 llorere
1008 2427 1083 2488 ergo
1105 2406 1279 2467 vivifiootus
1322 2404 1333 2410 ⁹

362 2492 469 2572 spiritu
491 2498 523 2552 et
542 2492 641 2553 Deum
663 2490 799 2571 videbis,
821 2497 853 2552 et
873 2507 936 2551 non
958 2492 1018 2551 eris
1040 2491 1161 2552 venitus
1185 2498 1217 2554 et
1238 2492 1282 2550 iu-

362 2574 543 2637 stiflosberis
565 2594 669 2636 eorem
692 2576 771 2639 Deo.

596 2699 860 2772 Corollarium
890 2704 1055 2769 tertium.
1094 2706 1101 2725 '

446 2816 737 2896 Dosmouiloquium
756 2826 791 2879 et
811 2820 1036 2901 mutiloquium,
1057 2824 1077 2884 i.
1100 2841 1128 2885 e.
1151 2822 1282 2896 tentetio

364 2910 397 2964 et
418 2904 566 2965 dstraotio
589 2899 750 2963 diobolios.
792 2902 888 2983 Igitur
908 2924 972 2967 non
995 2905 1198 2987 apprehendit
1223 2924 1283 2965 nos
1386 2969 1387 2990 ἶ

364 2989 423 3047 nisi
445 2986 575 3047 tentatio
597 2983 747 3065 humens,
777 2984 969 3049 detractione
996 2992 1078 3049 enim
1099 2995 1199 3049 tentet
1220 2987 1283 3048 dis-

364 3069 455 3133 bolus
478 3086 608 3147 semper,
629 3068 701 3147 quio
721 3076 770 3131 est
785 3076 884 3134 setun.
927 3071 959 3133 Si
972 3090 1047 3153 ergo
1059 3071 1282 3151 stultiloquium

365 3150 568 3233 apprehendit
580 3150 616 3227 *l
640 3152 816 3230 spostolus,
844 3155 917 3233 quid
945 3163 1035 3235 putes
1063 3155 1103 3216 de
1125 3154 1284 3215 doemoni—
1366 3144 1380 3164 ⁸

359 3234 496 3314 loquio?
529 3233 633 3295 ¹Semo
656 3241 727 3295 sunt
747 3231 893 3317 venefici,
924 3240 1004 3299 siout
1022 3238 1064 3298 od
1085 3237 1214 3299 Galatas
1236 3236 1284 3298 V:

365 3318 469 3398 Opere
496 3318 596 3380 earnis
624 3318 785 3379 manifeste
816 3328 888 3381 sunt
907 3322 1027 3383 scilieet
1047 3322 1200 3383 idolorum
1223 3340 1285 3381 ser-

305 3455 309 3463 ,
365 3403 456 3481 vitus,
479 3398 642 3485 vonslloiu.¹
683 3400 858 3463 Coniioiunt
874 3406 955 3465 enim
979 3424 1101 3465 veneno
1122 3404 1286 3468 detractio-

366 3486 413 3545 nis
446 3490 478 3545 et
508 3486 669 3544 inooniont
694 3492 725 3545 et
758 3485 939 3548 subvertunt
968 3503 1058 3550 sures
1087 3489 1286 3568 audientium,

273 3597 276 3604 ·
365 3569 410 3629 its
432 3574 468 3629 ut
488 3569 529 3647 is,
557 3568 606 3627 oui
637 3567 802 3629 detrahunt
827 3571 908 3650 opud
936 3572 1029 3651 elios,
1062 3572 1138 3633 nihil
1158 3590 1286 3653 preess-

366 3650 439 3729 lest,
462 3652 540 3711 sieut
555 3650 664 3731 aliquis
679 3651 881 3716 molefioistus
902 3655 1100 3736 impeditura
1121 3674 1285 3717 conserve·

366 3735 461 3796 tione.
510 3734 587 3796 Nem
624 3735 702 3794 siout
734 3735 891 3798 veneficae
926 3746 1057 3818 possunt
1088 3740 1286 3800 serenitatem

426 3996 457 4061 ⁸)
477 3994 650 4065 legendum:
671 3995 855 4065 reprehendit.
