3075 4750
356 479 398 546 70
679 478 828 540 semona
845 459 959 538 auium

356 672 430 716 vero
451 653 683 732 mercenarium,
705 649 1048 732 eoaotum,violentum‚
1060 648 1277 730 extrinsecum,

359 755 396 798 eo
416 756 472 817 per
491 738 553 798 hoo
566 738 728 817 impurum,
749 733 788 796 de
810 756 872 816 quo
892 733 916 796 Ι.
928 732 1042 796 Ioui:
1084 731 1191 795 Timor
1211 750 1276 794 non

358 827 405 882 est
424 822 455 880 in
483 820 626 896 ωτίίαῐθ,
663 819 735 899 quia
756 820 849 880 timor
874 835 1009 897 poenam
1035 815 1146 893 habst3
1175 814 1278 878 differt
1339 862 1344 880 i

357 923 431 983 ergo
454 902 570 963 abillo
600 921 676 976 vero
706 903 833 980 timore,
863 900 937 981 quis
962 900 1062 980 primo
1089 900 1158 979 ipse
1181 897 1277 960 habet

358 1005 501 1066 poenam,
522 984 633 1066 aflligit
653 986 734 1048 enim
757 1005 845 1064 eum,
866 983 918 1064 qni
939 983 986 1042 sio
1005 983 1101 1044 timet.
1143 980 1278 1044 Sanetus

357 1074 458 1128 nutem
474 1068 568 1130 habet
580 1068 813 1148 iucunditatem,
833 1068 906 1148 quia
926 1065 970 1126 ita
991 1063 1122 1128 affinitur
1141 1065 1172 1126 in
1195 1084 1277 1144 eum,

357 1169 449 1230 quem
471 1157 563 1226 amat,
587 1158 620 1212 ut
640 1171 702 1212 non
725 1153 800 1212 satis
820 1151 920 1232 possit
934 1164 1017 1210 'eum
1037 1149 1183 1217 severeri.
1225 1147 1277 1210 Se·

357 1233 457 1296 eundo
485 1235 577 1296 hauet
603 1233 858 1310 sollieitudinem‚
886 1232 940 1294 ille
967 1249 1043 1294 vero
1071 1232 1278 1294 securitatem.

356 1317 461 1378 Tertio
489 1317 584 1378 habet
611 1317 731 1396 odium,
760 1317 814 1378 ille
840 1335 988 1378 amorem.
1038 1313 1154 1390 Quarto
1183 1313 1280 1376 habet

357 1400 448 1480 lugae
485 1400 717 1481 cupiditatem·
744 1399 799 1460 ille
841 1398 1038 1461 adhaesionis
1080 1396 1278 1460 desiderium,

358 1482 472 1557 Quinto
503 1483 597 1546 habet
623 1482 706 1546 aliud
733 1501 825 1562 quem
853 1483 971 1556 Deum,
1000 1479 1055 1541 ille
1082 1481 1127 1542 nil
1155 1487 1279 1560 praeter

357 1565 467 1644 Deum,
490 1567 603 1628 Esaiae
623 1569 658 1633 8:
681 1565 848 1628 Dominum
861 1565 1050 1628 exercitium
1072 1562 1278 1626 maiduno.

357 1649 454 1710 Sexto
476 1658 524 1712 est
545 1651 744 1727 extrinsecus,
766 1648 820 1709 ille
833 1649 1026 1710 intrinseaus.
1069 1646 1207 1726 Septimo
1230 1653 1280 1708 est

357 1732 545 1812 temporalis,
566 1732 620 1794 ille
632 1751 816 1813 permanens
831 1732 862 1792 in
875 1737 1045 1809 aeternum,
1066 1729 1182 1791 tamdiu
1195 1731 1278 1792 enim

358 1814 463 1891 durat,
495 1815 638 1895 quamdiu
670 1834 775 1895 poena
809 1821 908 1895 suget.
955 1811 990 1874 Si
1024 1814 1107 1874 enim
1140 1821 1280 1874 eesmret

358 1917 471 1977 poena,
493 1899 584 1958 etiam
606 1898 720 1960 rideret
740 1916 825 1974 enm,
847 1915 938 1977 quem
958 1913 1041 1960 nune
1060 1897 1158 1957 timet
1200 1895 1278 1958 ldeo

358 1979 467 2043 dextra
489 1980 590 2044 sordis
610 1982 750 2042 intimum
762 1981 838 2043 ioris
858 1985 956 2042 notat.
998 1978 1083 2040 Intus
1104 1979 1186 2041 enim
1202 1994 1276 2042 eou-

358 2062 492 2142 demuat,
514 2063 653 2126 sedistis
676 2065 772 2142 timet,
794 2082 831 2124 aa
851 2065 897 2124 sio
917 2069 1043 2125 uoaatns
1055 2067 1148 2122 estet
1169 2068 1277 2124 extor-

360 2153 408 2206 tus
430 2147 530 2208 umor.
572 2147 712 2226 Denique
732 2153 828 2227 patet,
850 2145 933 2226 quod
954 2144 1037 2210 alind
1060 2164 1152 2224 quam
1174 2145 1275 2206 Deum
1317 2170 1320 2179 ¹
1385 2180 1386 2245 ἔ

356 2229 458 2308 timet,
479 2229 597 2292 seilioet
617 2249 767 2312 poenam,
788 2229 859 2292 ideo
881 2229 980 2293 Deum
1001 2247 1065 2291 uon
1086 2229 1185 2293 timet

678 2363 953 2429 corollarium.

438 2481 524 2545 Siout
543 2485 575 2545 in
602 2484 662 2545 hae
682 2486 746 2545 vita
766 2502 829 2545 non
850 2483 1015 2563 implemus
1040 2480 1186 2545 mandata
1205 2482 1276 2561 Dei,

354 2568 398 2627 ita
420 2585 478 2626 neo
499 2574 638 2627 sanetum
661 2566 997 2647 peifiuimnstisrorem,
1019 2566 1092 2645 quia
1107 2571 1211 2626 tantus
1225 2571 1275 2627 est

354 2652 431 2729 ipse,
453 2657 584 2728 quantus
607 2656 655 2711 est
677 2669 764 2711 amor
788 2650 855 2728 Dei,
878 2648 932 2709 sed
954 2667 1043 2713 emor
1062 2649 1125 2710 Dei
1145 2656 1275 2711 nonest
1384 2675 1385 2716 ξ

355 2732 508 2813 pmisotus
529 2733 559 2793 in
581 2731 640 2793 hae
661 2734 733 2794 vita.
771 2732 879 2807 'Quare
899 2734 978 2792 sieut
1003 2732 1091 2793 multi
1113 2738 1186 2791 sunt
1206 2751 1274 2813 gra·

355 2814 413 2875 dus
423 2813 584 2877 cuiuslibet
597 2816 725 2894 virtutis,
748 2816 792 2878 ita
806 2820 882 2877 sunl
897 2821 929 2877 et
946 2815 1075 2877 timoris.
1103 2814 1183 2875 Nem
1202 2822 1275 2877 sunt

354 2898 531 2975 aliquidem
553 2897 703 2978 profunde
725 2899 870 2978 infmniti,
892 2900 1016 2979 quinae
1035 2905 1164 2979 propter
1183 2897 1273 2959 infer·
1344 2971 1348 2975 .

262 2986 266 2998 '
355 3000 427 3041 num
449 2982 605 3043 autetiam
628 2989 758 3043 mortem
778 2981 878 3043 Deum
892 2981 1010 3058 timent,
1031 2999 1133 3060 neque
1146 2986 1275 3061 propter
1376 3003 1380 3025 ·'

354 3062 545 3125 infirmitates
558 3065 729 3145 plagasque
741 3064 919 3145 eorporules
938 3065 1125 3143 innumeras,
1146 3070 1180 3124 ut
1196 3083 1225 3124 e.
1240 3084 1271 3146 g.

354 3146 584 3225 pareutilDeus
606 3148 740 3227 aliquam
762 3148 924 3228 regionem
944 3154 1042 3228 peste,
1065 3147 1156 3227 ieme,
1178 3146 1273 3226 bello,

355 3229 536 3309 exsatians,
573 3230 750 3310 tyrannide,
789 3229 921 3308 diluvio,
952 3231 1127 3309 sterilitate,
1158 3229 1274 3292 deinde

354 3311 446 3371 variis
469 3312 585 3374 morbis
606 3321 638 3373 et
659 3313 784 3393 quidem
803 3314 1012 3397 portentosis,
1040 3312 1141 3375 adhue
1167 3319 1273 3375 taman

353 3393 495 3455 indurata
519 3395 620 3457 fronte
651 3405 682 3457 et
702 3396 823 3458 nerviae
849 3416 912 3457 non
941 3398 1050 3457 timent
1069 3396 1184 3475 Deum,
1213 3414 1274 3457 nen
1343 3458 1351 3475 ,

354 3477 510 3538 deelinant
530 3498 549 3539 a
570 3478 658 3539 melis
681 3480 759 3559 suis,
789 3485 823 3539 nt
843 3479 958 3541 inuiam
979 3478 1075 3557 bona,
1096 3479 1151 3540 sed
1172 3480 1274 3560 magis

353 3580 391 3621 aa
412 3561 510 3641 magis
531 3560 695 3640 proliciunt
714 3563 744 3623 in
766 3562 872 3642 peius,
898 3563 977 3624 sieut
996 3561 1136 3624 videmus
1164 3568 1275 3623 nostra

354 3649 456 3703 aetate
478 3643 542 3703 lieri
554 3645 584 3702 in
609 3645 785 3705 miserrimis
797 3646 952 3724 variisque
972 3645 1083 3727 plagis,
1103 3644 1272 3724 dequibus

353 3724 461 3787 Esaias
473 3744 497 3787 o.
514 3730 544 3789 1:
574 3726 672 3808 Super
692 3747 753 3807 qno
767 3729 934 3809 percutiam
955 3746 1015 3789 vos
1027 3728 1106 3789 ultro
1119 3726 1273 3789 addentes

352 3809 661 3889 pmsvariuationem:
690 3817 722 3873 et
741 3812 829 3888 inira,
851 3811 922 3875 Non
944 3818 992 3872 est
1010 3830 1152 3873 reversus
1172 3830 1271 3892 popu·

352 3891 399 3950 lus
422 3891 460 3951 ad
473 3893 694 3971 perentienlem
716 3914 759 3973 se,
783 3895 861 3955 sieut
873 3902 905 3955 et
924 3894 1021 3956 Amos
1033 3899 1062 3960 5.
1092 3894 1167 3955 'Alii
1188 3901 1270 3971 sunt,

286 4005 290 4013 ,
353 3974 403 4052 qui
426 3974 534 4035 saltem
556 3978 621 4038 istis
643 3983 788 4058 tanquam
810 3998 830 4039 a
843 3977 912 4042 Deo
933 3977 1035 4043 missia
1055 3976 1188 4060 flagellis
1210 3984 1269 4041 ter·
