3075 4750
622 509 649 550 a.
668 493 740 552 1516
756 493 854 550 habiti.
959 481 966 502 ⁴
1157 487 1197 558 91

276 667 340 739 tes,
368 681 410 724 na
429 661 542 724 ludaei
561 665 737 743 rapuissent
756 664 897 726 fortusse
938 660 979 722 Et
999 664 1200 742 introeuntes,

276 745 347 805 dum
370 748 417 804 sic
438 753 653 808 consternatae
673 769 777 809 rursus
799 748 955 824 intrarent,
977 747 1022 806 eic
1042 753 1076 806 ut
1100 747 1201 806 solent

276 828 431 907 dolentes,
442 850 514 890 nam
528 831 806 895 semelcontcmtaa
819 849 898 907 esse,
912 829 1104 909 inquiese*).
1113 829 1199 890 Luc:

275 911 360 972 Ecce
382 911 445 972 duo
466 913 523 974 viri
544 920 696 977 steterunt
715 917 802 975 iuxta
822 913 891 976 illas
914 915 945 972 in
960 920 1046 974 veste
1061 912 1199 992 fulgenti.

277 995 436 1056 Steterunt
464 997 632 1077 postillae
666 999 837 1078 loquentes.
887 997 996 1058 Marc:
1051 996 1201 1058 Viderunt

276 1080 421 1138 iuvenem
444 1079 603 1140 sedentem
624 1083 656 1142 in
683 1081 800 1142 dextris
823 1086 1004 1160 coopertum
1027 1080 1108 1141 stola
1130 1100 1199 1140 cau·

277 1161 361 1239 dida,
384 1169 415 1221 et
435 1162 668 1242 obstupuerunt
689 1165 739 1224 hic
760 1169 809 1224 est
829 1163 967 1243 angelus,
990 1164 1041 1242 qui
1061 1163 1200 1226 revolve·

276 1251 326 1304 rat
349 1245 492 1324 lapidem,
514 1253 546 1306 et
557 1245 678 1307 Marcus
700 1248 783 1311 huuc
804 1248 944 1306 nominat
958 1247 1061 1322 alium,
1084 1255 1199 1324 tacens,

278 1327 363 1406 quod
386 1349 463 1388 nnius
485 1330 697 1391 tantummodo
719 1331 872 1391 allocutus
896 1339 943 1388 eet
966 1349 1029 1407 eae,
1052 1330 1123 1390 licet
1143 1329 1199 1388 Lu·

277 1430 332 1470 cae
355 1411 452 1489 dicat,
492 1412 575 1490 quod
607 1413 739 1473 dixerint
770 1413 809 1472 ad
832 1413 917 1489 illas,
952 1413 1041 1472 unius
1072 1412 1199 1491 locutio,

275 1504 405 1572 propter
426 1495 652 1556 similitudinem
671 1498 757 1556 vocis
779 1495 818 1556 de
834 1494 992 1568 ambobus.
1029 1494 1199 1574 Obstupue-
1262 1561 1263 1566 ἵ

275 1585 349 1638 runt
370 1584 402 1637 et
421 1585 455 1638 ut
474 1578 571 1640 Lucas
593 1581 650 1640 aits
694 1580 770 1640 Cum
800 1580 943 1640 timerent
968 1585 1070 1638 autem
1097 1585 1129 1638 et
1149 1578 1199 1638 de·

276 1661 430 1720 clinarent
450 1661 567 1721 vultum
587 1663 618 1722 in
641 1671 763 1736 terram,
785 1661 927 1722 dixerunt
947 1660 986 1720 ad
1008 1660 1086 1720 illas.
1114 1660 1199 1721 Unus

276 1743 398 1802 scilicet
418 1743 538 1804 illorum
561 1745 729 1807 secundum
740 1745 845 1806 Matth.
870 1751 901 1804 et
921 1745 1064 1806 Marcum.
1110 1744 1200 1806 Unde
1278 1794 1284 1820 χ

276 1834 310 1886 et
331 1827 439 1888 Mattb.
462 1835 494 1887 et
510 1828 620 1889 Marc:
642 1828 846 1908 Respondeas
860 1834 963 1888 autem
981 1827 1109 1907 angelus
1123 1827 1200 1888 dixit

277 1906 483 1972 mulieribua.'
502 1910 582 1984 Quid
601 1911 762 1991 respondit
783 1930 845 1972 non
869 1910 1095 1990 interrogatus?
1138 1909 1200 1984 Sed

276 2013 384 2053 earum
416 1993 694 2072 perturbationibus
722 1994 883 2071 dixerunt,
913 1994 973 2054 heu
995 1995 1100 2071 nobie,
1131 1994 1198 2071 quis

275 2075 423 2137 sustulit?
465 2075 534 2151 Quo
557 2077 717 2156 pervenit?
738 2077 794 2138 Hie
817 2077 1048 2157 quaestionibus
1072 2096 1197 2155 respon-

275 2159 333 2234 dit,
354 2178 417 2218 non
440 2160 543 2220 solum
560 2168 664 2220 autem
685 2161 748 2237 bie,
769 2159 825 2220 sed
848 2167 878 2220 et
901 2160 1064 2220 terroribus
1087 2166 1118 2220 et
1139 2167 1199 2220 etu-

274 2241 415 2320 poribus,
437 2245 582 2320 quoniam
607 2244 755 2305 timebant
778 2250 809 2303 et
830 2243 995 2322 stupebant
1017 2243 1088 2303 visis
1108 2262 1199 2322 ange-

274 2325 325 2385 lie'.
367 2324 488 2389 etstan:
524 2326 629 2389 Nolite
656 2328 773 2388 timere.
820 2327 930 2388 Marc:
973 2326 1199 2405 Expavescere.

274 2408 402 2468 marm:
425 2409 491 2469 Vos
512 2412 577 2471 scio
600 2412 692 2487 enim,
715 2410 797 2488 quod
811 2411 927 2470 lesum.
970 2408 1078 2467 Marc:
1102 2408 1199 2469 Naza-

275 2510 393 2553 renum.
417 2492 558 2553 ·blatth.:
588 2492 646 2567 Qui
676 2492 837 2553 crucifixus
868 2499 914 2552 eet
935 2491 1087 2570 quaeritis.
1131 2490 1199 2550 Hoc
1288 2510 1292 2521 ¹

275 2574 367 2651 dicit,
400 2581 435 2634 ut
460 2594 514 2635 eae
536 2576 705 2655 confortet,
732 2576 771 2635 ad
804 2575 989 2637 audiendum
1013 2572 1138 2633 verbum
1160 2572 1200 2633 de

272 2658 503 2718 ressurrectione
522 2659 656 2721 Domini.
706 2659 777 2719 Non
800 2665 847 2719 eet
868 2660 932 2735 hic,
956 2656 1087 2717 surrexit
1107 2656 1198 2735 enim,

273 2739 455 2814 sicutgdixit
475 2741 573 2803 vobis.
615 2742 701 2803 Haec
719 2738 890 2821 *respondit
916 2759 1018 2801 carum
1048 2740 1198 2817 quaestio·

273 2822 384 2899 nibus,
405 2830 437 2883 et
456 2822 565 2902 solvit,
596 2826 684 2903 quasi
711 2824 843 2887 diceret:
886 2824 959 2885 Non
986 2831 1033 2883 est
1061 2822 1198 2885 sublatus

274 2926 295 2965 a
315 2904 454 2983 iudaeis,
475 2906 530 2990 sed
552 2909 691 2969 annexit.
727 2907 768 2967 Et
789 2908 936 2985 sequitur,
956 2906 1028 2965 Luc.
1051 2906 1113 2967 imo
1127 2912 1199 2967 ante

273 2988 337 3049 boc
368 2988 492 3049 verbum
524 2990 611 3050 dicit:
655 2990 736 3065 Quid
768 2991 913 3068 quaeritis
941 2991 1096 3049 viventem
1129 3008 1199 3049 cnm

274 3072 414 3131 mortuis.
451 3070 522 3133 Non
538 3080 587 3135 aet
601 3074 660 3147 hie„
671 3073 725 3133 eed
741 3074 882 3151 surrexit,
904 3073 1108 3133 recordemini
1130 3092 1200 3151 qua·

273 3155 345 3215 liter
368 3154 489 3214 locutus
508 3164 557 3217 eat
577 3156 675 3232 vobis,
700 3176 768 3216 cum
787 3155 887 3215 adhuc
900 3157 930 3215 in
948 3155 1089 3217 Galilaea
1106 3162 1202 3236 esset,

274 3238 382 3297 diceus
406 3238 488 3315 quod
511 3246 634 3318 oportet
653 3240 748 3299 filiurn
772 3238 906 3305 hominis
927 3238 1003 3299 badi
1036 3240 1067 3299 in
1091 3259 1198 3299 manus

272 3328 493 3399 peccatorum,
529 3331 561 3384 et
592 3321 729 3402 cruciligi
759 3330 790 3382 et
822 3323 913 3383 tertia
946 3321 995 3381 die
1028 3341 1197 3402 resurgere.

272 3404 346 3466 Luc.
370 3404 500 3482 exponit
520 3404 643 3465 uerbum
666 3404 755 3482 illud,
785 3406 863 3465 sicut
883 3404 960 3465 dixit
979 3404 1081 3482 vobis,
1115 3402 1197 3482 quod

273 3486 380 3549 llatth.
427 3487 547 3565 posuit:
590 3488 701 3551 Venite
727 3494 760 3548 et
789 3488 901 3549 videte.
950 3488 1060 3547 Marc:
1108 3487 1199 3547 Ecca.

271 3570 397 3633 natan:
432 3568 547 3630 Locum
577 3570 627 3630 ubi
650 3572 768 3650 positus
791 3578 858 3631 erat
877 3571 1043 3645 Dominus,
1077 3576 1108 3628 et
1136 3568 1197 3627 cito

273 3661 383 3713 euntes
419 3651 511 3712 dicite
544 3653 702 3734 discipulis
737 3656 813 3717 eius.
864 3655 975 3715 Marc:
1024 3652 1063 3711 Et
1095 3650 1196 3709 Petro.

273 3736 397 3797 Maon:
441 3734 531 3809 Quod
554 3739 700 3815 surrexit,
729 3745 762 3799 et
790 3756 862 3797 ecce
889 3733 1054 3817 praecedet
1086 3752 1142 3793 vos
1164 3733 1196 3792 in

328 3929 359 3995 ⁸)
380 3925 457 3978 Nihil
475 3926 520 3977 hic
539 3940 647 3979 seusus.
676 3922 835 3993 Legendum
855 3925 963 3976 forsan:
982 3922 1037 3973 ism
1058 3926 1138 3975 crant
1156 3922 1194 3973 in·

272 4014 396 4067 grossae.
