3075 4750
1127 497 1192 566 285

273 744 525 878 Disputatio
548 748 595 878 Ι).
608 745 792 844 Martini
809 748 994 844 lutheri
1021 749 1073 845 de
1100 775 1194 869 poe

414 866 606 957 mtentla
634 868 679 958 et
709 862 1052 984 indulgentiis.¹)

544 1060 685 1123 Amore
714 1069 752 1123 et
773 1064 908 1127 studio

270 1227 624 1290 Eluoidandaeveritatis
640 1225 948 1310 haeoSubseripta*)
958 1227 1195 1310 disputabuntur

270 1310 532 1391 wittembergae,
565 1307 763 1372 Praesidente
790 1311 828 1373 a
855 1311 889 1374 P.
921 1313 1053 1374 Martino
1081 1311 1195 1372 Luther

271 1393 470 1472 Eremitano,
515 1393 797 1474 Augustinorum),
825 1394 944 1455 Artium
974 1401 1006 1456 et
1032 1394 1074 1458 S:
1093 1393 1193 1456 'illeo-

272 1478 375 1560 logise
395 1475 559 1556 Magistro,
592 1474 792 1557 eiusdemque
818 1476 933 1540 ibidem
962 1477 1091 1538 Leotore
1114 1477 1193 1538 ordi-

271 1562 370 1622 nario.
426 1558 527 1634 Quare
555 1559 648 1638 petit,
689 1566 724 1619 ut
758 1561 809 1639 qui
843 1579 908 1621 non
934 1566 1065 1640 possunt
1093 1559 1193 1619 verbis

272 1649 454 1726 praesentes
470 1639 631 1703 nobiseum
653 1640 836 1724 disceptare,
858 1649 953 1724 agant
973 1643 1005 1702 id
1026 1642 1121 1702 literis
1143 1640 1194 1703 ala

272 1731 387 1788 sentes.
422 1725 457 1784 In
469 1725 595 1784 nomine
607 1723 731 1785 Domini
743 1727 840 1786 nostri
853 1725 928 1786 Jesu
941 1725 1062 1803 Christi,
1083 1724 1192 1784 Amen.

357 1812 393 1884 1)
418 1807 569 1867 Dominus
590 1813 622 1866 et
644 1809 792 1888 magister
811 1816 921 1869 noster
931 1809 1023 1869 lesus
1045 1807 1193 1884 chrisme,

272 1889 423 1952 dicendo:
445 1889 669 1950 Poenitentiam
693 1892 776 1971 agite
798 1898 856 1953 eto.
874 1911 998 1952 omnem
1015 1891 1109 1952 vitam
1121 1887 1194 1950 fide-

270 1975 346 2036 lium
367 1972 593 2054 poenitentiam
616 1991 687 2034 esse
708 1973 816 2034 voluit.

355 2057 392 2135 2)
419 2054 509 2131 Quod
521 2054 685 2133 verbum³l
711 2057 750 2117 de
766 2055 1194 2137 poenitentiasaoramentali,

270 2140 300 2201 id
323 2138 415 2220 e‘st⁴)
447 2139 650 2200 confessionis
678 2145 709 2199 et
736 2138 969 2218 satisfactionis,
992 2158 1072 2220 qnae
1094 2157 1192 2199 saeer-

272 2223 379 2285 dotum
403 2221 571 2286 ministerio
593 2220 774 2299 celebratur,
796 2240 858 2283 uon
880 2229 984 2302 potest
1003 2221 1144 2302 intelligi.

356 2307 393 2381 3)
417 2303 488 2364 Non
509 2310 613 2364 tamen
635 2303 734 2365 solam
756 2304 887 2365 intendit
911 2306 1103 2381 interiorem,
1130 2305 1193 2364 imo

271 2390 402 2452 interior
424 2386 507 2448 nulla
534 2393 598 2465 est,
630 2388 688 2447 nisi
710 2388 785 2449 foris
808 2394 952 2471 operetur
972 2390 1072 2449 varias
1094 2389 1194 2448 earnis

270 2470 534 2535 mortifioationes.

354 2550 522 2697 &Manet
547 2554 655 2632 itaque
686 2572 806 2633 poena,
835 2553 936 2614 donee
965 2558 1069 2615 manet
1089 2551 1194 2613 odium

271 2641 328 2718 sui,
351 2639 362 2697 i
397 2644 453 2716 est
475 2636 666 2717 poenitentia
687 2654 760 2696 vera
780 2638 873 2716 intus,
896 2637 1015 2697 scilieet
1035 2632 1131 2715 usqne
1153 2634 1193 2695 ad

270 2720 430 2783 introitum
451 2720 538 2799 regni
560 2718 728 2781 ooelorum.

356 2802 395 2885 5)
418 2803 503 2882 Papa
527 2801 630 2880 non⁵)
660 2801 727 2862 vult
752 2821 812 2863 neo
843 2807 948 2883 potest
974 2800 1053 2863 ullas
1074 2820 1194 2885 poenas

270 2886 445 2964 remittere,
465 2892 588 2965 praeter
609 2904 673 2965 ens,
696 2902 772 2965 quas
794 2884 919 2946 arbitrio
941 2883 992 2945 vel
1013 2903 1070 2945 suo
1082 2884 1133 2945 vel
1146 2903 1195 2946 oa·

271 2988 389 3032 nonum
410 2969 565 3048 imposuit.

357 3055 394 3127 6)
419 3052 504 3131 Papa
534 3070 598 3112 non
625 3056 731 3133 potest
758 3052 914 3113 remittere
941 3050 1035 3111 ullam
1063 3050 1195 3131 eulpam,

271 3136 332 3197 nisi
355 3134 542 3195 declarando
571 3132 641 3209 sti)
671 3131 874 3215 approbando
896 3134 1056 3194 remissam
1077 3152 1097 3195 a
1117 3133 1196 3212 Deo,

271 3226 326 3279 sut
347 3222 432 3279 oerte
451 3216 635 3278 remittendo
665 3235 753 3277 oasns
780 3225 955 3278 reservatos
984 3216 1057 3297 sibi,
1086 3216 1196 3296 quibus

271 3300 462 3384 contemptis
486 3300 576 3381 eulpa
596 3318 721 3380 prorsus
743 3306 926 3361 remaneret.

357 3381 396 3468 7)
426 3381 509 3444 Nulli
536 3402 662 3464 prorsus
689 3384 815 3444 remittit
841 3383 926 3445 Dens
948 3381 1088 3463 eulpam,
1120 3376 1193 3461 quin

329 3572 360 3642 *)
382 3572 414 3625 In
433 3571 477 3627 ed.
496 3572 720 3641 Propositionum
730 3570 809 3624 Luth.
826 3585 850 3626 a.
866 3572 936 3629 1538
947 3568 1071 3625 additum
1079 3568 1196 3638 legitur:

271 3646 466 3785 thergstffipud
486 3731 510 3766 v·
538 3714 564 3767 d.
591 3714 689 3769 Hardt:
715 3714 868 3783 Disputatio
895 3712 929 3765 D.
955 3710 1064 3765 uantur
1096 3710 1197 3764 lother

272 3790 368 3843 theolo
392 3790 398 3803 '
410 3804 462 3857 pro
473 3787 659 3841 declaratione
670 3788 780 3839 virtutis
791 3784 1036 3853 indulgentiarum.
1073 3783 1103 3845 2)
1113 3782 1196 3851 Apud

273 3878 299 3913 v.
319 3860 345 3912 d.
395 3859 457 3912 srdt
476 3858 565 3913 deest:
585 3858 761 3925 Eremitano,
781 3857 995 3921 augustiniano.
1032 3853 1064 3921 3)
1090 3854 1196 3907 Ibidem

274 3932 398 3987 additur:
423 3933 619 3999 poenitentiae.
653 3928 685 3999 4)
706 3929 792 3983 Ibin:
816 3928 835 3983 i.
849 3942 915 3997 pro:
937 3927 966 3980 id
983 3930 1139 4053 estibatque
1157 3926 1197 3976 ita

277 4019 390 4074 semper
408 4005 540 4072 scriptum
560 4002 669 4071 legitur.
707 4000 740 4069 5)
759 3998 842 4054 ibid:
866 4014 926 4053 neo.
964 3999 997 4065 6)
1055 3995 1106 4053 id:
1141 4000 1197 4050 ant
