3075 4750
453 512 481 560 et
499 506 642 560 voluntate
661 506 781 560 bominis
800 508 859 561 sinc
878 508 975 577 gratia.
1121 501 1184 571 249

248 668 250 671 ’
345 668 450 738 Prima
476 695 548 758 pars
570 674 778 737 conclusionis
805 682 891 757 patet
911 670 1025 739 ex'illo
1049 676 1185 759 apostoli

261 762 352 823 Rom.
372 759 459 821 xm:
509 758 672 821 Plenitudo
702 760 779 840 legis
807 765 854 819 est
880 758 1021 837 dilectio,
1055 762 1185 823 scientia

263 843 368 923 inflat,
392 845 503 904 caritas
526 862 599 903 vero
622 840 780 903 aedificat:
818 842 906 921 item,
938 843 1028 904 litera
1060 843 1184 922 occidit,

263 928 389 1009 spiritus
415 933 517 987 autern
544 924 689 987 vivificat.
743 922 830 1000 Quae
857 925 952 987 verba
980 932 1114 989 tractans
1146 927 1184 988 D.

262 1010 460 1093 Augustinus,
477 1008 567 1069 dicit:
597 1008 753 1090 Scriptura
773 1008 851 1091 legis
868 1010 934 1069 sine
947 1011 1073 1071 caritate
1089 1008 1185 1089 inflat,

262 1114 328 1156 nou
351 1092 511 1171 aedificat3
533 1098 564 1153 et
585 1091 677 1172 paulo
699 1098 787 1171 post:
825 1091 970 1173 Cognitio
986 1094 1090 1173 itaque
1107 1094 1185 1175 legis
1260 1131 1263 1136 -

261 1178 338 1238 iacit
359 1175 524 1257 superbum
546 1176 842 1257 praevaricatorem,
869 1194 924 1258 per
947 1175 1061 1237 donum
1083 1175 1186 1237 auteur

263 1260 401 1321 caritatis
424 1257 558 1319 delectat
578 1258 656 1338 legis
678 1276 747 1318 esse
768 1257 933 1334 factorem3
964 1266 995 1319 et
1023 1261 1053 1321 in
1083 1260 1186 1320 multis

263 1343 343 1405 locis
374 1341 460 1402 dicit:
502 1340 567 1401 Lex
601 1340 673 1401 data
697 1347 758 1418 est,
793 1348 827 1400 ut
861 1342 959 1421 gratia
981 1349 1186 1423 quaereretur,

263 1426 366 1509 gratia
388 1424 462 1485 data
483 1431 544 1502 est,
566 1429 599 1483 ut
620 1421 673 1484 lex
694 1422 881 1503 impleretur.

261 1517 266 1523 '
349 1508 487 1568 Alteram
514 1513 633 1587 partem
660 1507 697 1566 D.
719 1506 909 1587 Augustinus
932 1507 963 1566 in
985 1506 1087 1567 multis
1109 1506 1187 1568 locis

197 1615 206 1625 ·
264 1590 411 1655 ostendit.
435 1589 516 1651 Satis
530 1591 587 1649 erit
602 1591 662 1649 iarn
679 1588 833 1649 adducere
847 1589 1006 1667 quaedam.
1023 1590 1093 1651 doh.
1110 1588 1183 1651 XV:

264 1674 340 1736 Sine
362 1693 413 1734 me
436 1672 511 1732 nihil
533 1673 663 1752 potestis
684 1672 805 1733 facere,
837 1672 982 1733 Eiusdem
1006 1679 1065 1733 est:
1087 1672 1186 1734 Nemo

263 1762 372 1839 potest
393 1750 498 1816 venire
521 1754 560 1815 ad
588 1774 654 1833 me,
683 1756 743 1815 nisi
769 1755 861 1815 fuerit
882 1757 909 1815 ei
932 1754 1035 1816 datum
1058 1774 1076 1815 a
1097 1754 1188 1817 Patre

214 1881 216 1888 ·
263 1859 346 1901 mco.
397 1835 607 1920 Apostolusl
644 1838 715 1899 Cor.
741 1836 801 1899 IV:
859 1836 938 1913 Quid
972 1839 1052 1899 euim
1082 1838 1188 1917 habes,

264 1922 349 2001 quod
371 1940 435 1983 non
459 1920 629 2002 accepisti?
659 1920 701 1980 Et
718 1920 820 1981 multis
839 1921 907 1981 aliis
928 1920 1000 1982 novi
1024 1929 1055 1983 et
1075 1924 1188 1983 veteris

263 2004 400 2066 Testem.
424 2003 638 2065 concludendo
660 2004 704 2063 sic
735 2003 878 2083 docetur,
910 2006 1105 2083 maximeque
1133 2024 1189 2087 per

263 2081 461 2149 Ezechielem
482 2086 681 2167 prophetam,
711 2086 763 2147 ubi
784 2106 909 2166 prorsus
931 2088 1014 2149 Deus
1038 2090 1095 2165 ait,
1122 2088 1187 2147 nul-

264 2171 301 2231 lis
336 2190 372 2231 se
407 2170 564 2231 hominum
600 2170 716 2231 meritis
744 2168 835 2232 bonis
862 2172 1045 2250 provocari,
1078 2179 1111 2231 ut
1132 2190 1186 2231 eos

264 2255 368 2316 bonos
390 2253 499 2331 faciat,
533 2252 618 2313 velut
645 2251 825 2313 obedientes
848 2253 999 2314 mandatis
1021 2255 1099 2332 suis,
1131 2253 1187 2315 ‘sed

264 2338 370 2418 potius
392 2336 453 2397 hoc
474 2336 518 2396 eis
540 2333 707 2396 retribuere
728 2334 843 2396 bonum
866 2354 921 2417 pro
948 2336 1041 2413 malo,
1062 2343 1189 2419 propter

265 2441 299 2481 sc
320 2423 423 2501 ipsum
445 2419 506 2480 boc
526 2418 678 2496 iaciendo,
700 2438 762 2480 non
776 2427 903 2500 propter
917 2419 997 2482 illos.
1030 2419 1083 2481 Ait
1095 2419 1187 2496 enirn,

264 2503 343 2564 haec
364 2502 440 2563 dicit
460 2501 609 2561 Dominus
629 2501 713 2561 Deus
734 2509 819 2580 tuus,
841 2501 918 2562 haec
947 2502 1056 2563 faciam
1083 2501 1187 2578 domui

263 2583 362 2646 Israel
384 2586 511 2665 propter
531 2603 644 2644 nomen
666 2603 767 2644 meum
790 2593 944 2663 sanctum,
977 2584 1059 2664 quod
1087 2585 1187 2666 prola

265 2670 363 2729 uastis
385 2668 416 2726 in
438 2665 599 2748 gentibus,
626 2673 657 2727 et
677 2673 749 2747 post
769 2667 865 2737 multa
896 2667 990 2728 verba
1018 2667 1188 2748 prophetae

265 2752 417 2832 sequitur:
459 2749 530 2810 Non
556 2756 683 2830 propter
709 2769 766 2810 vos
790 2769 850 2832 ego
880 2749 978 2827 facio,
1006 2753 1105 2832 inquit
1125 2751 1187 2812 Do·

264 2836 368 2901 minus
391 2833 491 2910 Deua,
519 2839 624 2892 notum
649 2833 689 2892 sit
709 2830 807 2893 vobis.
849 2833 897 2892 Ex
919 2833 1027 2914 quibus
1046 2834 1188 2895 omnibus

264 2917 303 2980 D.
326 2916 535 2998 Augustinus,
568 2916 685 2995 gratiae
707 2914 866 2996 defensor,
897 2935 966 2977 cum
993 2919 1186 2978 sanctissimo

265 2999 432 3082 apostolo,
464 2999 582 3080 gratiae
603 2998 834 3078 praedicatore,
867 2998 950 3077 quod
971 3019 1034 3060 non
1054 3001 1188 3062 hominis

266 3084 305 3144 sit
343 3081 479 3142 volentis
506 3087 537 3140 et
564 3082 728 3159 currentia,
756 3081 812 3141 sed
833 3081 891 3142 Dei
920 3081 1106 3161 miserentis,
1136 3084 1187 3164 qui

265 3184 403 3245 poenam
436 3183 499 3224 non
533 3163 634 3224 reddit
667 3165 724 3223 nisi
763 3163 913 3244 debitam,
947 3166 1188 3228 misericordiam
1213 3230 1218 3240 ,
1253 3210 1256 3220 .

264 3267 342 3309 vero
364 3246 424 3307 nisi
446 3245 622 3310 indebitam.
658 3243 830 3308 (lassabunt
841 3247 933 3329 igitur
946 3257 977 3310 ct
992 3250 1076 3310 nulla
1099 3255 1187 3310 erunt

266 3330 399 3408 merita,
440 3331 570 3410 gratiam
610 3329 842 3409 praecedentia,
893 3333 1068 3393 necessario
1112 3351 1130 3392 e
1167 3345 1186 3393 'o

266 3409 362 3488 banio
396 3412 463 3472 sine
489 3412 589 3492 gratia
610 3411 690 3472 filius
713 3420 820 3494 manet
844 3414 924 3494 irae,
960 3415 1032 3495 quia
1054 3414 1111 3474 soli
1165 3411 1188 3474 ii

267 3495 326 3558 Dei
350 3501 441 3574 sunt,
461 3494 513 3574 qui
535 3494 642 3576 spiritu
659 3494 718 3555 Dei
740 3503 880 3575 aguntur.

571 3589 840 3675 Corollariurri
866 3615 890 3676 l.
1006 3657 1008 3665 ι
1047 3619 1049 3626 “

351 3717 503 3777 Voluntas
531 3717 665 3778 hominis
691 3718 758 3778 sine
787 3719 888 3800 graiis
915 3737 978 3779 non
1007 3724 1056 3778 ast
1081 3717 1187 3797 libera,

272 3801 324 3862 sed
347 3819 453 3878 serva,
468 3798 503 3882 *)
528 3799 600 3860 licet
620 3818 683 3861 non
704 3802 809 3863 invita
1157 3817 1160 3822 ·

325 3937 356 4005 ')
378 3938 432 3990 Pro
445 3953 547 3992 serva
560 3937 674 4008 legitur:
694 3940 788 4004 servit,
806 3939 836 3996 in,
855 3937 933 4000 Tom.
952 3937 973 3992 1.
1001 3907 1187 4006 Latmwmeb·

207 4075 213 4082 Ι
274 4014 302 4062 ut
318 4015 346 4063 et
362 4011 393 4063 in
412 4009 557 4063 lbesibus.
1161 4011 1164 4031 ¹
