3075 4750
367 478 430 552 132
695 479 844 540 &mones
862 478 974 541 lunari

367 665 399 716 ct
430 659 526 717 vocat
552 654 630 736 ipse.
678 654 766 717 Haec
799 654 878 716 fides
911 652 1042 734 amplius
1081 651 1156 713 nihil
1187 651 1294 732 habet,

367 740 416 799 cui
447 737 554 799 credat
587 757 726 799 seorsum
739 775 756 816 ,2
782 739 853 818 quia
878 739 922 798 ita
950 737 1092 798 absoluta
1123 741 1171 797 est
1192 744 1227 796 et
1245 755 1308 796 πο-Ι

367 819 474 900 tunde,
496 826 530 880 ut
549 820 687 901 pluribus
709 821 824 900 credat,
846 837 937 900 quam
962 821 990 880 ei
1013 817 1151 880 exhiberi
1169 820 1295 898 possint

367 900 538 964 credenda:
572 903 682 966 offert‘
698 905 780 965 enim
809 923 843 964 ee
882 909 979 964 totam
1021 901 1096 962 nihil
1132 902 1294 982 excipiens

367 1003 504 1066 prorsus,
525 985 565 1046 de
587 1005 649 1066 quo
678 991 692 1049 l
718 987 793 1048 Gor.
825 989 880 1050 13:
909 988 1024 1046 ‘caritas
1040 986 1168 1046 omnia·
1185 983 1295 1063 credit,

366 1069 446 1131 haec
467 1077 524 1147 eat,
548 1069 632 1148 quod
655 1072 761 1130 omnia
782 1088 861 1148 quae
883 1073 963 1148 sunt,
984 1085 1066 1147 quae
1087 1065 1173 1146 liunt,
1195 1073 1229 1127 ut
1252 1087 1294 1128 ex

368 1150 437 1212 solo
460 1151 528 1212 Deo
551 1151 679 1212 fluentia
700 1152 821 1232 accipit,
845 1159 876 1212 et
897 1155 960 1232 per'
973 1167 1058 1211 suam
1070 1151 1294 1211 rotunditatem

368 1235 475 1294 omnia
496 1235 527 1293 in
550 1237 651 1315 ipsum
674 1236 777 1314 refert,
799 1241 908 1315 parata
930 1233 1074 1314 quicquid
1096 1235 1127 1293 in
1149 1233 1295 1294 omnibus

369 1335 438 1377 cum
462 1317 605 1379 omnibus
627 1319 761 1378 voluerit
781 1319 892 1378 facere.
925 1317 983 1378 Hic
1006 1317 1115 1378 domus
1139 1318 1204 1377 eius
1226 1323 1297 1377 tota

369 1398 517 1479 credidit,
550 1407 583 1461 et
609 1402 712 1462 anima
742 1401 973 1480 quodammodo
1004 1401 1035 1460 in
1065 1401 1164 1480 ipsam
1198 1398 1294 1460 tidem

369 1490 513 1562 mutatur,
545 1491 579 1544 ut
601 1486 641 1545 sit
661 1484 747 1545 velut
767 1483 845 1545 tides
875 1490 941 1544 tota
972 1485 1038 1546 eius
1066 1485 1145 1563 vita,
1182 1483 1295 1543 intelli·

369 1567 484 1649 gentia,
505 1567 584 1628 ratio
607 1574 666 1628 etc.
695 1567 759 1627 Ista
781 1568 840 1626 tria
860 1567 937 1628 mira
957 1567 1146 1646 proprietate
1167 1585 1225 1647 per
1246 1583 1295 1626 or-

369 1648 472 1708 dinem
494 1650 526 1708 in
550 1650 610 1710 isto
633 1650 797 1730 evangelio
821 1649 1048 1729 describuntur,
1082 1667 1152 1708 nam
1182 1648 1235 1709 ubi
1263 1651 1294 1708 in

369 1729 431 1792 tide
452 1732 627 1811 profecerat
646 1733 787 1814 regulus,
816 1739 848 1792 ut
869 1731 963 1793 verbo
987 1732 1127 1792 crederet
1146 1731 1295 1812 neglecto

369 1815 475 1894 signo,
508 1821 573 1874 tum
593 1815 634 1875 ad
659 1815 827 1896 perfectam
861 1835 917 1895 per
944 1833 1106 1875 occursum
1135 1833 1297 1876 servorum

370 1898 398 1956 ei
421 1895 622 1959 descendenti
645 1905 676 1958 et
695 1899 901 1958 nuntiantium
925 1897 979 1958 fllii
1000 1899 1105 1978 vitam,
1132 1897 1216 1959 idem
1239 1917 1297 1978 per

370 1981 634 2060 comparationem
661 1981 757 2042 horse
779 1981 819 2041 ad
847 1981 943 2042 verba
965 1981 1076 2042 Christi
1104 1981 1295 2061 perducitur,

370 2081 450 2140 quae
472 2062 546 2142 quid
568 2062 743 2144 significent
763 2061 965 2124 differendum
993 2070 1041 2125 est
1061 2064 1166 2128 modo,

757 2227 907 2322 Sermo
941 2195 949 2212 ’

506 2365 713 2427 Dominice
735 2365 816 2429 XXI
838 2374 928 2448 post
948 2366 1153 2429 Trinitatis

432 2490 501 2531 cum
524 2479 610 2553 perte
633 2472 849 2553 explicationis
872 2472 956 2534 Orat.
980 2472 1172 2534 Dominicae.
1190 2472 1228 2549 *)

452 2588 560 2649 Redde
588 2590 671 2670 quod
699 2589 810 2665 debes,
833 2590 940 2651 Matth.
965 2584 1022 2655 18.ἱ
1055 2590 1146 2651 Plura
1179 2610 1213 2651 se
1245 2593 1294 2652 tri-

370 2670 467 2731 buere
489 2690 580 2750 quam
602 2679 725 2753 petatur
745 2675 819 2733 satis
842 2674 979 2735 ostendit
998 2674 1149 2736 Dominus
1177 2675 1209 2733 in
1233 2677 1294 2736 isto

260 2781 263 2791 ·
371 2772 481 2830 seruc,
514 2755 585 2833 quis
616 2775 723 2817 servus
753 2775 817 2816 non
839 2759 929 2835 petiit
950 2758 1164 2818 remissionem
1187 2756 1295 2835 debiti,

371 2836 434 2897 imo
457 2839 599 2916 promisit
621 2839 817 2917 solutionem,
839 2840 990 2900 Dominus
1012 2846 1113 2901 autem
1138 2855 1200 2900 non
1223 2860 1295 2921 pro-

370 2919 518 2980 missione
539 2928 657 2997 motus,
692 2922 747 2982 sed
769 2922 940 2983 afflictione
962 2924 1186 3006 promittentis,
1220 2924 1294 2984 ideo

371 3001 453 3082 dicit,
476 3003 617 3064 misertus
639 3004 790 3067 Dominus
818 3006 897 3067 servi
924 3006 1021 3067 illius:
1058 3006 1214 3088 proprium
1243 3015 1296 3081 est

371 3086 453 3146 enim
474 3084 600 3147 Domini
629 3088 767 3148 misereri
795 3088 932 3168 afflictis,
961 3090 1040 3149 sicut
1061 3091 1135 3150 dicit
1157 3090 1205 3149 Ps.
1230 3092 1293 3154 30:

372 3168 462 3228 quta
483 3175 531 3229 est
552 3169 704 3233 Dominus
726 3172 774 3249 iis,
797 3173 848 3252 qui
871 3173 1015 3234 tribulato
1039 3180 1110 3233 sunt
1132 3171 1238 3251 corde,
1261 3178 1294 3233 et

372 3252 433 3311 alio
458 3250 592 3331 Psalmo,
613 3252 797 3334 Expostulo,
819 3256 931 3318 invoca
960 3276 1009 3316 me
1036 3257 1066 3315 in
1095 3254 1145 3316 die
1169 3254 1294 3316 tribula-

371 3335 480 3395 tionis.
508 3355 613 3397 eruam
644 3344 676 3396 te
703 3344 735 3398 et
761 3337 980 3399 honorificabis
1005 3358 1063 3399 me.
1106 3338 1147 3398 Et
1167 3338 1294 3399 Psalmo
1382 3372 1383 3409 3

371 3420 447 3482 119:
470 3408 519 3478 Ad
541 3419 708 3480 Dominum
732 3439 800 3479 cum
824 3421 985 3482 tribularer
1007 3423 1119 3500 clamo,
1147 3428 1178 3483 et
1199 3440 1293 3481 exau·
1382 3426 1383 3469 ἓ

370 3500 447 3561 divit
467 3520 527 3580 me,
550 3508 582 3563 et
604 3502 728 3563 Psalmo
751 3509 872 3584 quarto,
896 3523 965 3565 cum
989 3506 1176 3586 invocarem,
1199 3525 1294 3566 exau-

426 3689 457 3759 ‘)
481 3691 570 3745 Etiam
604 3691 678 3745 lrunc
707 3708 867 3747 sermonem
898 3694 1068 3749 Loescherus
1106 3693 1228 3747 reddidit
1258 3711 1294 3749 ex

371 3761 480 3832 codice,
509 3779 590 3831 quern
619 3766 730 3831 saepius
753 3765 979 3831 memoravimus,
1009 3782 1177 3834 quamquam
1208 3764 1293 3831 dolet,
1382 3812 1383 3837 ,

370 3834 446 3901 quod
474 3837 599 3886 maxims
626 3851 691 3902 pars
724 3837 899 3905 succipienae
930 3836 1125 3905 explicationis
1157 3840 1294 3891 orationis

370 3904 528 4030 {ipppnicae
553 3906 673 3975 perierit
712 3906 848 3961 Loescher
876 3910 932 3976 lq.
951 3908 1003 3964 293
1025 3924 1085 3977 sqq.
1111 3908 1215 3963 Wslclr.
1238 3908 1295 3977 xll,

459 3992 520 4045 sqq.
