3075 4750
676 491 955 556 suu-astutum
992 509 995 518 ’
1039 497 1042 508 ’

622 838 631 844 ,
682 752 709 867 ii
740 775 939 848 erno
1036 782 1039 792 ·

498 935 661 999 Dominica
680 937 732 1003 Ν.
754 939 925 1018 Adventus,
946 959 973 1000 a.
997 927 1086 1006 15l6·
1100 939 1136 1014 *l
1163 959 1185 1020 ,’
1207 1032 1211 1042 ,

436 1101 535 1163 Erunt
564 1124 660 1186 prava
691 1105 723 1166 in
745 1105 863 1167 directa
884 1111 916 1166 et
936 1125 1049 1188 aspera
1068 1107 1103 1166 in'
1121 1107 1188 1166 vias
1210 1105 1272 1186 pla·-

352 1205 419 1250 nas.
461 1184 535 1250 Luc.
557 1190 587 1251 3.
621 1188 671 1268 Sic
692 1187 732 1249 de
752 1189 878 1252 iudaeis
903 1190 1114 1270 cognovimus,
1138 1189 1274 1269 qnod'et

351 1271 411 1352 ipsi
448 1267 600 1330 Christum
645 1273 883 1354 exspectabant,
925 1275 1002 1333 sicut
1029 1279 1060 1333 et
1087 1269 1189 1333 adhuc
1223 1283 1272 1333 ex-

353 1359 504 1436 spectant,
526 1353 587 1414 hoc
608 1361 710 1414 autem
732 1357 876 1436 imperiti,
893 1351 989 1436 'quod‘
1012 1375 1081 1416 eum
1108 1356 1274 1417 voluerunt

352 1458 390 1499 ec
413 1434 507 1498 modo
530 1437 646 1518 venire,
668 1457 729 1518 quo
752 1437 808 1500 sibi
830 1440 954 1520 placuit,
978 1439 1060 1520 quud
1082 1440 1138 1499 fuit
1159 1440 1273 1519 impos·

352 1519 459 1600 athiis,
481 1522 553 1600 quia
574 1538 649 1581 uero
671 1521 732 1582 aliu
756 1523 850 1584 modo
871 1524 971 1601 venit,
1001 1523 1102 1584 adhuc
1130 1541 1200 1582 eum
1224 1534 1273 1582 ex-

351 1611 493 1686 spectant
513 1610 545 1664 et
565 1623 629 1665 non
650 1605 803 1687 recipiunt
825 1605 943 1666 scilicet
964 1607 1035 1686 quia
1062 1608 1094 1666 in
1119 1612 1274 1686 =apparatu

351 1687 481 1748 seculari
512 1696 544 1748 et
563 1706 680 1768 pompa
699 1690 799 1749 carnis
820 1697 883 1750 nun
901 1691 995 1768 venit,
1016 1707 1080 1750 uun
1096 1690 1275 1769 suscipiunt

351 1791 430 1852 eum,
454 1771 505 1852 qui
527 1769 695 1830 carnaliter
714 1773 846 1852 sapiunt.
878 1773 1054 1834 Voluerunt
1072 1773 1273 1832 enimimmu-
1377 1835 1378 1840 ,

350 1855 405 1915 tati
427 1872 553 1915 manere
573 1853 605 1913 in
629 1872 684 1914 suc
707 1873 817 1933 sensu,
850 1875 918 1916 cum
940 1856 1112 1916 ichaunes'
1127 1854 1200 1916 ide'o
1223 1873 1273 1914 ve·
1377 1927 1378 1938 χ

349 1939 456 2016 nisset,
479 1943 588 2000 utens
610 1944 751 2000 mutaret.
794 1939 840 1999 lta
862 1944 893 2000 et
915 1939 1008 1999 modo
1031 1937 1080 2016 iit,
1107 1944 1141 1998 ut
1163 1953 1273 1998 omues

348 2022 479 2101 gratiam
501 2019 628 2080 laudent
649 2027 681 2080 et
702 2028 894 2103 exspectent,
907 2021 961 2082 sed
974 2021 1149 2082 iohannem
1163 2020 1273 2081 odiunt

349 2109 381 2164 et
401 2102 522 2179 dicunt,
555 2103 752 2164 daemonium
781 2105 881 2166 hahet.
925 2103 1056 2180 Quando
1078 2105 1138 2166 hcc
1153 2122 1274 2184 ‘nempe

348 2187 459 2247 nolunt
479 2185 641 2268 evangelio
663 2187 805 2267 credere,
827 2187 910 2268 quod
942 2189 1003 2248 sint
1032 2184 1213 2268 peccatores
1243 2193 1274 2248 et

288 2325 292 2339 ,
348 2269 433 2347 nihil,
456 2270 566 2332 nolunt
578 2270 732 2330 dimittere
745 2271 927 2352 sapientiam
950 2278 983 2331 st
1002 2271 1146 2332 iustitiam
1169 2289 1269 2370 suam,

230 2370 232 2380 '
348 2359 503 2415 ettamen
526 2354 636 2416 volunt
663 2353 778 2415 hahere
805 2356 950 2436 gratiam,
979 2354 1089 2415 nolunt
1116 2351 1270 2414 humiliari

348 2443 380 2497 et
406 2438 515 2499 volunt
544 2438 696 2498 exaltari.¹
730 2436 780 2497 Ex
810 2455 917 2499 eorum
939 2453 1065 2498 numero
1089 2454 1170 2497 nuuc
1192 2443 1272 2513 sunt,

348 2522 399 2600 qui
421 2524 553 2602 gratiam
576 2518 694 2581 actibus
716 2522 779 2580 suis
792 2522 822 2580 iu
838 2520 1272 2603 substantiapermanentibus

160 2594 162 2604 ’
281 2626 284 2630 ’
349 2604 564 2671 tantummodo
600 2601 685 2663 velut
711 2604 861 2665 'accideris
895 2612 926 2665 et
959 2610 1099 2665 ornatum
1134 2603 1273 2665 adhiberi

346 2682 473 2766 volunt,
506 2705 574 2746 cum
596 2693 694 2747 totum
716 2684 747 2745 in
771 2686 897 2747 nihilum
927 2686 1024 2767 redigi
1053 2692 1210 2770 oporteat,
1240 2690 1274 2747 ut

350 2770 452 2849 gratia
479 2766 547 2831 sola
561 2764 565 2774 '
579 2769 680 2829 locum
711 2767 837 2832 haheat.
880 2770 975 2851 Igitur
995 2768 1025 2838 hi
1048 2786 1111 2830 non
1134 2768 1272 2847 credunt,

348 2848 431 2932 quod
455 2853 517 2912 sint
537 2850 629 2928 nihil,
659 2850 741 2930 quod
764 2852 865 2933 legem
887 2852 972 2915 nullo
995 2852 1089 2913 modu
1113 2852 1272 2933 impleant,

238 2971 243 2980 ‹
346 2933 521 2995 Jchannem
544 2936 744 3017 interpretem
768 2936 832 3015 cius
855 2954 918 2997 non
948 2936 1092 3009 audiunt,
1120 2935 1192 2997 ideo
1220 2954 1273 2996 ne-

348 3034 408 3097 que
429 3016 584 3096 Christum
609 3018 748 3079 obtinere
767 3026 910 3099 possunt,
933 3016 1038 3079 dicunt
1050 3020 1130 3079 euim
1148 3018 1272 3079 daemo-

347 3101 431 3159 nium
455 3119 533 3180 esse,
557 3102 673 3186 siquis
696 3102 800 3161 omnia
822 3120 900 3181 quae
916 3108 994 3163 'sunt
1016 3100 1206 3166 aut'iaciunt
1227 3103 1272 3161 ni·
1328 3166 1333 3179 ,

347 3182 389 3242 hii
412 3202 483 3245 esse
504 3182 625 3246 dixerit.
668 3182 726 3244 Est
746 3182 862 3244 bonum
885 3186 917 3245 in
939 3196 1063 3267 genere,
1086 3192 1136 3250 est
1155 3185 1271 3245 bonum
1377 3242 1378 3249 ,

346 3272 489 3347 naturae,
518 3269 605 3347 quasi
627 3268 689 3331 hcc
719 3266 793 3326 satis
816 3268 887 3348 sit,
903 3288 966 3329 non
995 3268 1087 3329 etiam
1118 3270 1272 3348 pessimus

214 3393 219 3414 r
278 3371 280 3374 ·
347 3350 476 3429 quisque
498 3358 584 3412 actus
607 3352 646 3412 sit
666 3350 780 3423 honum
809 3358 932 3429 natura,
956 3350 1157 3411 inlo‘honum
1180 3350 1273 3413 alicui

344 3451 376 3491 rn
421 3452 522 3496 suere.

398 3452 572 3577 gDimissis
606 3510 673 3577 istis
701 3508 876 3600 quaerimus
907 3519 986 3597 qtae
1018 3522 1089 3577 sunt
1117 3522 1221 3597 prava
1237 3524 1274 3579 ‘et
1377 3498 1378 3507 ἵ

347 3616 467 3684 aspera,
489 3600 562 3661 item
585 3602 671 3660 recta
693 3607 724 3661 et
736 3597 851 3683 plana?
891 3598 992 3659 'Prava
1011 3598 1272 3681 intelligitcurva,
1377 3588 1378 3653 Ῑ

348 3680 436 3769 quod⁸
452 3685 538 3763 patet
559 3703 614 3767 per
635 3680 929 3765 suum'oppo'situm,
942 3682 1062 3743 scilicet
1073 3690 1167 3747 recta.
1200 3684 1272 3746 Dixi

347 3770 449 3826 autem
472 3784 573 3848 supra,
596 3766 753 3846 quomodo
778 3765 828 3825 lex
850 3764 957 3827 literae
979 3766 1024 3827 sit
1040 3768 1174 3827 curvitas
1182 3770 1194 3845 ,⁵
1213 3770 1272 3849 spi·
1377 3778 1378 3803 i

347 3848 421 3935 ¹ritus
444 3855 547 3909 autem
568 3848 745 3942 rectitudo,
765 3855 813 3927 ut,
831 3854 898 3934 'pon
920 3848 1153 3933 moechaberis,
1182 3852 1210 3911 si
1232 3853 1272 3913 ad
1377 3846 1378 3885 ³

402 3997 434 4059 *)
452 3996 599 4053 Loesaher.
617 3999 640 4065 i,
658 4000 719 4056 767·
730 4012 793 4069 sqq·
810 3994 935 4053 vl'lflluh·
955 3998 1013 4065 ΧΠ,
1030 3998 1104 4063 2292
1121 4014 1190 4068 ΜΨ
