3075 4750
364 501 426 575 366
753 511 890 584 mnsgn·
910 515 914 519 ’

364 701 383 742 s
405 697 534 761 quorum
555 679 694 762 plurimis
717 682 841 764 quidum
863 683 1101 746 concionatores
1127 685 1286 748 venismm

363 765 526 846 pecuniam
548 762 683 826 eliciunt.

446 846 499 922 st.
521 845 661 908 Ducendi
683 865 746 910 nou
769 855 874 911 essent
893 851 953 911 istu
974 851 1090 936 populi,
1112 851 1288 931 quidemst

364 936 473 992 nostru
494 929 660 992 internum
682 933 850 1016 ceritatem,
872 933 928 995 sed
949 935 975 994 sl
996 952 1060 994 non
1071 940 1214 1016 speretur
1234 932 1286 994 de·

363 1013 559 1075 clamantium
582 1015 733 1076 correctio
746 1033 804 1096 per
814 1023 966 1078 secretum
979 1017 1184 1078 monitionem
1209 1016 1288 1096 (ists

364 1097 446 1157 euim
467 1112 530 1158 non
554 1094 630 1157 flunt
649 1099 682 1177 in
699 1099 864 1179 umbone),
883 1099 1138 1163 docendusesset
1151 1102 1177 1160 is
1200 1117 1287 1183 prue-

363 1180 453 1260 lutus,
475 1180 560 1240 cuius
581 1181 719 1260 interest,
739 1189 772 1242 et
792 1183 988 1266 singulariter
1013 1183 1156 1244 domiuus
1179 1188 1289 1246 noster

362 1274 459 1344 pepo,
477 1264 513 1325 ei
535 1269 639 1325 temen
661 1264 755 1344 aliqui
776 1266 855 1327 tales
882 1267 960 1346 sint,
994 1267 1076 1347 quod
1104 1274 1139 1327 ut
1154 1265 1286 1333 „credam

364 1346 415 1406 vix
436 1345 547 1407 adduci
569 1365 711 1428 possum,
734 1349 806 1430 quio
835 1358 918 1429 esto,
945 1348 1029 1430 quod
1060 1350 1288 1411 declamatores

345 1423 465 1491 'forent
491 1447 637 1512 lupaces,
711 1448 726 1491 r
759 1433 821 1492 vim
853 1441 957 1494 temen
995 1451 1059 1494 non
1089 1440 1288 1512 extorquent,

365 1520 476 1593 sponte
510 1531 585 1574 vero
614 1513 715 1574 nulus
737 1521 786 1575 est
805 1515 885 1578 adeo
907 1517 1033 1594 stultus,
1072 1522 1106 1576 ut
1132 1519 1159 1576 si
1187 1534 1287 1596 usquc

364 1593 446 1658 cdeo
466 1597 506 1657 sit
526 1612 632 1682 egens,
655 1605 689 1657 ut
708 1613 767 1678 pro
788 1600 854 1660 eius
876 1598 1163 1680 snmsgiotnsilim
1185 1602 1286 1659 munti

248 1737 257 1756 ,
363 1677 445 1740 Petri
465 1679 629 1741 vendende
650 1680 739 1759 foret,
762 1681 838 1742 velit
850 1699 908 1763 pro
921 1681 1121 1764 indulgentiis
1136 1684 1286 1763 pecunius

364 1756 529 1844 effundere,
552 1762 632 1824 unde
654 1765 756 1844 potius
778 1764 883 1845 credo,
905 1763 988 1848 quod
1006 1765 1143 1845 loqueris
1163 1783 1222 1845 per
1244 1773 1285 1826 tc·

363 1846 456 1925 lente,
479 1853 510 1908 et
529 1848 604 1907 tulis
623 1853 676 1907 sut
697 1849 859 1928 excogitas
879 1855 935 1909 sut
954 1867 1098 1910 exornas.

446 1931 505 2006 52)
528 1929 615 1990 llurt.
636 1927 728 1991 Vsus
747 1938 797 1991 cst
822 1930 936 1992 llducis
962 1932 1068 1992 cslutis
1096 1950 1153 2012 per
1178 1932 1285 1993 litem

363 2013 537 2091 ceniarum,
566 2013 659 2073 etism
688 2015 714 2074 si
741 2016 987 2093 commissarius,
1016 2015 1081 2076 imo
1107 2032 1192 2096 pepo
1219 2017 1286 2095 ipse

365 2095 498 2155 snimsrn
521 2111 606 2156 susm
628 2115 684 2177 pro
706 2097 767 2156 illis
788 2099 1019 2179 impiguomret.

380 2255 382 2263 Ι
447 2177 500 2240 Sil.
523 2178 613 2240 Vsus
634 2186 682 2240 cst
702 2181 762 2240 istu
772 2186 825 2240 tuo
836 2181 1008 2260 conclusio,
1029 2188 1062 2243 et
1075 2181 1201 2256 similes,
1216 2182 1287 2261 quis

365 2260 465 2324 nullus
489 2265 537 2323 est
556 2268 617 2322 tum
630 2262 749 2341 stultus,
771 2270 806 2324 ut
818 2264 949 2326 salutem
962 2282 1048 2326 suem
1061 2264 1172 2325 tslibus
1191 2263 1287 2326 literis

365 2345 537 2408 committat
556 2347 623 2409 sine
645 2346 804 2409 voluntate
825 2346 1004 2433 poenitendi
1027 2348 1078 2409 vel
1099 2349 1220 2428 stetim,
1237 2348 1287 2409 vel

365 2429 504 2509 tandem,
532 2429 586 2490 ssd
615 2428 783 2492 invideris
811 2432 896 2512 loqui
918 2450 982 2493 non
1003 2431 1196 2512 theologice,
1230 2432 1286 2493 scd

364 2512 554 2595 tragoedico,
575 2513 614 2574 sd
637 2531 726 2574 sures
747 2514 932 2595 populorum
947 2514 1192 2593 'exhuumsudus
1216 2515 1286 2577 vide

365 2604 477 2675 cutem,
501 2614 540 2657 nc
562 2596 666 2659 divino
689 2596 802 2658 iudicio
824 2598 897 2660 iude
919 2598 1084 2659 exhsurius
1104 2597 1286 2675 maledictu,

363 2682 520 2742 irrisiones
542 2687 573 2740 et
595 2698 749 2741 censuras.

447 2765 505 2841 53)
529 2762 616 2825 lllsrt.
638 2763 751 2825 Hostes
762 2762 875 2827 curisti
897 2773 928 2825 et
949 2782 1050 2845 pupae
1071 2770 1144 2824 sunt
1165 2764 1208 2845 hi,
1231 2766 1284 2845 qni

363 2854 489 2928 propter
516 2848 623 2907 venias
658 2846 881 2927 praedicandus
910 2848 1035 2910 verbum
1065 2848 1123 2908 Dei
1152 2849 1184 2907 is
1215 2849 1286 2909 eliis

364 2930 502 2993 ecelesiis
524 2931 645 3011 penitus
667 2931 758 2993 silere
779 2929 894 2992 iubent.

446 3012 499 3075 Sil.
521 3012 610 3074 Ruris
631 3014 738 3075 crebra
750 3013 862 3074 cedere
873 3020 1113 3093 consueverunt,
1136 3015 1182 3073 sic
1204 3014 1286 3074 cele

363 3093 568 3157 brius¹oclltur
583 3097 703 3159 cunulis
719 3097 888 3161 solennitas
903 3104 1090 3177 sanctorum,
1105 3112 1199 3177 quum
1218 3097 1287 3159 ssu·

364 3179 470 3241 bctinu
490 3179 548 3239 Dei
580 3181 701 3260 matris,
729 3188 783 3241 sut
810 3189 893 3261 pene
920 3180 1100 3261 quotidiano
1129 3180 1286 3241 trinitans.

364 3262 423 3326 Slc'
456 3277 496 3324 ex
532 3280 626 3323 cause
659 3262 802 3324 Pontifex
842 3265 953 3343 cuique
983 3264 1184 3325 declamatori
1227 3282 1285 3344 pro

363 3346 436 3408 loco
456 3353 488 3407 et
510 3352 649 3427 tempore
670 3346 819 3429 indulget,
842 3355 875 3407 ut
895 3348 964 3408 eliis
979 3347 1134 3408 silentium
1155 3344 1285 3427 indicet,

364 3445 425 3510 quo
452 3428 601 3511 populum
646 3429 759 3491 habent
799 3430 1055 3509 frequentiorem,
1083 3437 1118 3490 nt
1157 3430 1286 3509 inquisi-

364 3516 439 3594 tori,
475 3521 568 3593 utque
605 3513 777 3593 ordinario,
812 3512 895 3592 quod
928 3519 1033 3595 potest
1062 3513 1286 3576 mmmsndsri.

363 3597 509 3659 Astruers
530 3611 604 3659 vero
629 3614 729 3679 pupuc
750 3596 857 3659 hostes
881 3614 960 3677 esse,
982 3598 1033 3677 qui
1055 3614 1124 3657 curu
1144 3616 1205 3657 sus
1218 3616 1285 3680 grc-

362 3683 405 3742 tia
427 3689 458 3741 et
480 3680 675 3761 beneplacito
699 3686 873 3762 operantum,
895 3683 1053 3742 uutetism
1064 3680 1133 3760 Dei,
1157 3679 1286 3741 stultum

363 3772 395 3825 et
414 3762 575 3825 ridiculum
597 3770 653 3825 est.
696 3794 697 3801 κ

445 3849 503 3921 ὁ4)
527 3846 614 3907 Mart.
638 3848 748 3907 lniuric
770 3846 805 3908 fit
827 3846 1002 3924 verboDei,
1024 3845 1094 3906 dum
1117 3848 1148 3907 in
1171 3845 1284 3908 eodem

363 3948 506 3999 sermone
522 3928 668 4010 usqusle
698 3930 746 3990 vel
787 3930 910 4012 longius
943 3937 1063 4010 tempus
1097 3929 1286 4010 impenditur

363 4013 464 4072 veniis·
483 4028 574 4092 quum
590 4012 644 4076 illi.
988 4048 991 4055 -
