3075 4750
437 519 489 574 pro
508 475 610 559 declar.
629 505 737 560 virtutis
757 505 1004 576 indulgentiarum.
1120 503 1184 571 293
1227 485 1232 493 “

344 674 403 748 92)
426 673 561 735 Valeant
586 673 692 754 itaquo
716 693 828 736 omnes
847 674 892 735 illi
916 675 1102 757 prophetae,
1131 677 1183 756 qui

262 755 368 816 mount
389 756 506 838 populo
528 757 655 818 Christi:
699 757 781 838 Pax,
825 777 882 837 ax,
904 764 937 819 et
955 778 1018 820 non
1042 765 1090 820 ost
1110 779 1183 839 pax.

254 842 258 849 '
344 841 403 916 93)
427 839 514 930 Bono
535 847 630 921 agant
653 859 761 902 omnes
782 778 828 902 ilii
850 842 1038 922 prophetae,
1068 844 1120 922 qui
1141 842 1184 902 di-

263 928 340 982 eunt
360 920 479 1003 populo
501 921 633 984 Christi:
667 922 760 1001 Crux,
783 942 869 1002 trux,
892 931 924 985 et
945 944 1010 987 non
1032 932 1080 986 est
1100 945 1184 986 orux.

345 1007 404 1078 94)
428 1004 622 1066 Exhortandi
645 1014 717 1067 sunt
738 1006 916 1086 Christiani,
938 1014 973 1068 ut
994 1014 1184 1089 eaputsuum

261 1087 415 1231 Ghrhistum
451 1106 507 1168 par
539 1107 677 1169 poenas,
710 1095 827 1150 mortes
859 1091 1060 1171 infernosque
1099 1092 1186 1171 sequi

261 1177 309 1231 stu
333 1189 392 1232 ean

343 1173 416 1335 95)ῖῖ
426 1251 476 1314 Aa
503 1253 550 1314 sio
570 1255 671 1336 magis
690 1271 746 1335 por
767 1255 881 1317 multas
902 1255 1118 1318 tribulationes
1138 1252 1182 1323 in-

259 1344 344 1480 gara
379 1335 536 1484 οξᾶὲιὲιικιῖ,Ι
549 1354 641 1415 quam
670 1357 727 1418 per
754 1339 949 1398 securitatem
978 1339 1064 1420 pasis
1093 1339 1186 1400 oonti-

282 1426 348 1481 ant.
452 1463 453 1466 ,
509 1421 544 1480 l.

519 1510 928 1631 rnornsnnmon.

160 1723 161 1730 ,
344 1663 416 1744 Ego
436 1663 584 1724 Martinus
605 1660 754 1724 Luthsrus
776 1665 904 1745 Dootor,
927 1665 1050 1727 Ordinis
1071 1663 1187 1726 lllremi-

260 1753 362 1808 tarum
384 1746 651 1828 Vuittombergae‚
683 1747 807 1828 publioo
829 1751 979 1826 testatum
995 1747 1089 1824 volo,
1117 1766 1188 1828 pro-

260 1830 438 1911 positiones
458 1829 578 1909 aliquot
600 1835 709 1890 oontra
729 1829 933 1912 pontificales,
954 1837 1122 1906 utvooant,
1143 1831 1188 1890 in-

261 1911 439 1994 dulgentias
469 1931 489 1972 a
517 1927 570 1974 me
590 1912 688 1973 editas
711 1932 790 1974 esse.
831 1913 899 1975 Etsi
920 1921 1024 1976 autom
1046 1933 1097 1974 me
1116 1913 1188 1974 hao-

261 2003 355 2058 tsnus
376 2013 479 2075 nequo
500 1994 701 2058 oeleberrima
720 1996 799 2058 haeo
817 2003 849 2058 et
859 1997 1071 2061 laudatissima
1082 1997 1190 2058 schola

261 2083 383 2156 nostra,
404 2096 505 2157 nsque
527 2078 625 2139 oivilis
646 2085 700 2139 aut
721 2080 934 2142 ecclesiastiea
953 2087 1094 2162 potestas
1116 2099 1188 2141 oon-

262 2161 474 2241 demnavsrit‚
502 2169 575 2222 suut
596 2166 717 2240 mmen,
744 2169 779 2222 ut
798 2162 904 2242 audio,
926 2163 1049 2243 quidam
1071 2163 1188 2243 prasoi-

262 2245 336 2324 pitis
371 2249 465 2324 atque
493 2242 619 2304 audaois
639 2245 757 2325 ingenii
778 2245 937 2325 homines,
974 2247 1025 2325 qui
1047 2264 1082 2306 re
1102 2246 1190 2324 quasi

262 2327 346 2390 bons
378 2345 416 2388 oo
462 2327 503 2388 'ta
533 2333 565 2391 et
591 2333 755 2409 perspecta
776 2327 964 2391 haereticum
986 2348 1038 2390 me
1055 2346 1189 2409 pronun-

265 2411 350 2473 oiare
371 2428 411 2471 au
434 2417 496 2473 snt

347 2492 417 2574 Ego
439 2512 528 2573 voro,
549 2499 584 2554 ut
603 2500 675 2555 ants
694 2512 799 2574 saepe,
820 2496 864 2555 ita
884 2513 967 2555 nuno
987 2512 1113 2575 quoque
1125 2512 1189 2573 vpor

265 2574 360 2637 fidem
382 2574 587 2639 Christianam
609 2576 749 2639 obtestor
771 2577 926 2657 singulos,
956 2577 1008 2637 vel
1030 2584 1063 2639 ut
1083 2576 1189 2637 melio-

264 2678 333 2721 rem
355 2658 624 2725 mihimonstrent
643 2660 743 2738 viam,
756 2662 793 2719 -si
814 2660 923 2740 quibus
944 2660 1024 2721 haeo
1043 2659 1189 2721 divinitus

266 2747 350 2803 osset
377 2740 531 2820 revelata,
568 2741 618 2803 vel
648 2749 732 2803 oerts
758 2762 847 2805 suam
874 2745 1059 2804 sententiam
1079 2742 1138 2804 Dei
1159 2748 1190 2803 et

266 2824 420 2885 eoolesiae
440 2824 554 2885 iudioio
576 2824 765 2889 submittant
807 2826 878 2887 Non
901 2827 982 2887 enim
1004 2824 1189 2887 adeoteme-

264 2908 363 2969 rarius
385 2926 471 2985 sum,
493 2913 526 2967 ut
549 2927 651 2969 meam
673 2907 769 2969 solius
792 2910 972 2989 opinionem
994 2910 1104 2971 asteris
1126 2928 1189 2969 om-

265 2989 357 3053 nibus
379 2988 532 3069 anteferri,
555 3009 657 3071 noque
678 3000 744 3053 tam
765 2991 906 3071 stupidus
928 2993 1039 3070 etiem,
1070 2999 1105 3053 ut
1124 3010 1189 3051 ver-

265 3072 340 3169 bum
360 3072 426 3215 Dgii
443 3072 570 3152 fabulis,
591 3073 726 3135 humana
747 3074 1086 3156 rationeexoogitatis,
1106 3081 1190 3155 post-

265 3172 341 3237 pom
364 3176 385 3215 v
428 3175 469 3218 m.

320 3362 353 3433 ‘l
376 3364 460 3418 Deest
477 3364 546 3419 haee
565 3366 727 3419 Protestatio
746 3367 776 3419 in
794 3366 838 3420 ed.
857 3367 989 3437 originali
1001 3384 1026 3417 v.
1038 3366 1065 3420 d.
1076 3328 1203 3430 ilardtii‚x

264 3452 317 3492 neo
346 3438 438 3489 minus
460 3437 489 3489 in
510 3436 558 3521 ὀᾶ.
578 3439 803 3523 Proposltionum
822 3438 856 3493 D.
875 3440 910 3491 u.
922 3439 958 3523 ⁸12.
978 3453 1003 3491 a.
1023 3437 1102 3503 1530,
1121 3436 1192 3491 1538

265 3507 1015 3635 stitutumnullorum?
1027 3506 1191 3648 anai

204 3690 225 3729 ·.
266 3619 392 3721 sejmsts
409 3652 445 3705 ab
465 3652 643 3713 antecedente
653 3596 848 3721 fiispuitatione
864 3619 968 3721 legitur
984 3657 1049 3719 post
1058 3652 1192 3734 sonatum

266 3722 616 3863 {grugrzieffiffiezfflog‘
630 3724 804 3850 inggribitur:
841 3724 973 3791 Epitoma
989 3723 1192 3816 Responsionrs

629 3997 839 4013 ι*-

327 4000 329 4005 '
407 4024 441 4086 s
