3075 4750
543 489 577 548 D.
596 491 675 550 item
693 493 805 550 hutten
816 471 936 550 ⁴(ioneio.
1136 492 1198 562 331

271 677 378 743 seque
402 663 510 743 oredo,
532 665 655 726 temetsi
676 665 865 726 recentiores
887 663 918 726 id
932 668 1123 741 moererent
1144 663 1201 726 sed

273 747 430 827 protendi
453 748 629 810 tenultatem
648 766 714 821 ¹non
727 746 863 825 *hebent
883 765 985 827 neque
1007 745 1047 808 so
1067 747 1201 819 eoelesie

274 831 428 891 senoitum
453 835 508 891 est.
548 830 655 906 Quare
672 831 808 892 seourins
830 837 887 909 est,
909 835 943 892 ut
963 847 1019 912 pro
1040 829 1199 892 onimobos

271 911 1017 1078 littlltlttitttttntilli*
1030 911 1062 974 n
1076 913 1198 991 ΨΜ

359 1078 491 1141 Desimo
512 1099 610 1158 nouo,
634 1081 666 1141 lu
689 1079 857 1160 praedietis
877 1080 951 1142 nihil
974 1079 1096 1157 dubito,
1119 1098 1200 1158 quoe

196 1207 200 1212 .
271 1161 395 1226 idoneis
418 1163 608 1244 argumentis
629 1163 734 1224 omnis
752 1162 890 1224 nituntur
910 1170 943 1223 et
963 1163 1137 1243 scripturn,
1167 1165 1200 1224 et

273 1263 353 1304 even
378 1245 466 1306 elisis
489 1246 633 1323 deoretis,
656 1244 783 1326 longum
796 1245 899 1306 velere
920 1245 1005 1307 dieto
1020 1245 1199 1307 doctoribus

273 1265 489 1406 Sohoiestiois,
512 1330 563 1408 qui
575 1329 710 1388 universi
725 1330 905 1408 neutiquam
920 1327 1085 1407 suffloiuut,
1107 1348 1199 1389 uusm

271 1409 313 1470 sd
335 1412 487 1491 populum
508 1412 694 1472 tonsionem
716 1429 837 1472 ssorum
864 1410 1063 1490 confirmare,
1089 1411 1214 1472 eedem-

274 1511 394 1554 meourn
416 1494 645 1574 empleetemini
671 1495 738 1554 sine
760 1493 969 1572 dubitatione,
997 1496 1065 1556 siue
1096 1494 1198 1556 lormi-

275 1575 348 1636 dine
371 1578 515 1658 oppositi.
856 1572 859 1577 ’

359 1659 528 1738 visseins,
550 1659 584 1722 si
608 1661 659 1740 qui
681 1659 721 1720 de
742 1659 908 1720 haereseos
930 1661 1058 1721 erimine
1079 1666 1199 1722 melre-

273 1741 406 1821 duouut,
440 1760 570 1822 quornm
600 1743 719 1803 seriniis
741 1743 935 1822 potissimum
959 1750 1067 1824 aperte
1088 1745 1200 1806 veritus

272 1825 476 1887 vehementer
503 1825 614 1904 officit,
643 1845 706 1886 non
735 1845 925 1906 magnopere
958 1845 1042 1887 euro.
1093 1825 1202 1905 Neque

271 1910 402 1969 istorum
424 1909 587 1970 elemossff
595 1908 799 1971 oontumelies
818 1926 1007 1989 magnopere
1023 1909 1199 1988 reiormido,

273 1991 490 2076 obscuri-sont,
512 1990 629 2052 oerebri
642 1991 839 2070 tenebrioosi‚
861 1991 979 2053 Biblise
989 2001 1097 2072 gustus
1112 1994 1198 2056 inex·

271 2076 353 2155 perti
378 2092 480 2153 neque
502 2074 614 2135 Christi
636 2073 794 2136 doctrines
813 2093 950 2154 umquem
974 2076 1123 2156 legerunt,
1145 2095 1196 2136 ue·

273 2175 335 2236 que
357 2158 501 2237 proprios
522 2164 662 2232 sutores,
694 2175 774 2236 quos
796 2156 942 2235 ederem,
970 2159 1197 2237 intellexeruut,

271 2240 346 2319 mnu
358 2239 422 2300 inno
431 2239 541 2301 leoeris
548 2247 579 2300 et
586 2240 713 2300 esriosis
720 2239 917 2319 opinionibus
926 2240 992 2300 lere
1000 2240 1104 2302 detriti
1116 2248 1197 2319 suut,

272 2324 388 2383 etenim
419 2323 482 2383 suis
510 2322 734 2385 assertionibus
760 2323 932 2403 perspectis
963 2325 1195 2405 cognovissent,

271 2421 468 2486 nequaquem
502 2406 772 2467 eosdemnendum
787 2471 791 2481 ,
806 2426 890 2484 eum,
921 2408 973 2486 qui
1005 2426 1067 2468 non
1094 2406 1194 2468 solum

273 2506 336 2549 non
362 2495 505 2568 pensons
526 2496 680 2567 estrees,
708 2488 764 2549 sed
790 2508 832 2549 ne
851 2508 923 2550 reus
943 2489 1068 2569 quidem
1087 2490 1195 2552 tostus.

273 2571 391 2631 Verum
412 2572 490 2651 ipsis
511 2591 548 2631 ss
569 2572 659 2633 nobis
676 2571 760 2633 Deus
783 2578 917 2632 mentem
936 2572 1038 2653 longini
1055 2571 1196 2653 dignetur

272 2671 382 2713 senem
406 2673 444 2714 ee
463 2660 589 2718 reetem.
631 2654 743 2715 Amen.

526 2788 563 2851 ll.
604 2790 657 2851 De
678 2786 943 2853 Poeniteutie.

356 2906 405 2967 De
426 2905 625 2987 indulgentiis
638 2924 733 2988 seepe
749 2905 872 2967 loeutus
888 2926 955 2967 sum
972 2906 1072 2979 robis,
1094 2906 1197 2967 donee

271 2988 301 3049 id
326 2990 500 3067 meruerim,
524 3000 558 3050 ut
579 2990 753 3049 haereticus
773 3006 910 3052 secuser.
943 2990 986 3051 Ut
1006 2996 1108 3051 entem
1130 3008 1196 3051 sem

271 3074 372 3153 ipsein
405 3073 539 3133 tenentis
565 3072 753 3153 possitisque
785 3090 842 3132 ros
869 3072 928 3152 ipsi
950 3092 1019 3133 eum
1042 3072 1102 3133 illis
1124 3092 1196 3134 oos-

271 3156 364 3232 l'erre,
385 3172 460 3216 eeoe
482 3154 650 3236 prosedem
670 3156 758 3215 iuxts
778 3172 886 3215 eorum
905 3158 1110 3233 sententiam,
1136 3157 1194 3217 nisi

270 3238 324 3299 ubi
347 3237 435 3298 loeus
454 3238 545 3298 fuerit
566 3256 635 3298 rnee
655 3238 870 3301 interserendi.

353 3320 448 3401 Igitur
479 3332 587 3382 eorum
609 3322 763 3382 sententie
782 3322 977 3402 poenitentis
997 3320 1142 3381 dividitur
1161 3321 1193 3381 in

268 3410 332 3463 tres
355 3410 467 3483 portes,
484 3418 564 3483 quse
578 3411 649 3464 sunt
658 3404 814 3482 contritio,
836 3405 1003 3483 oouiessio,
1014 3403 1194 3463 satisfeetio.

355 3484 469 3565 Prima,
499 3487 642 3548 enuntio
675 3487 738 3563 (sio
765 3489 846 3548 enirn
869 3488 975 3567 eoepit
994 3485 1101 3545 voosri
1121 3504 1196 3545 vers

268 3569 464 3648 poenitentis
483 3570 628 3645 interior)
652 3568 766 3649 dupliei
789 3571 839 3631 vie
858 3577 993 3649 peretur,
1013 3567 1115 3646 primo
1135 3586 1193 3646 per

268 3651 513 3730 diseussionem,
534 3651 767 3730 collectionem,
790 3651 1027 3713 detestationem
1049 3657 1191 3730 peooeto·

227 3756 233 3762 ·
266 3753 352 3813 rum,
375 3752 436 3813 que
457 3736 541 3815 quis,
569 3743 603 3797 ut
624 3734 745 3815 dieunt,
772 3735 923 3817 recogitet
944 3749 1043 3795 annos
1065 3752 1138 3795 suos
1160 3734 1192 3795 in

322 3988 353 4055 4)
374 3988 457 4045 Ibin:
477 4004 615 4045 exsortes.
