3075 4750
590 514 818 598 astronom
1119 513 1184 582 1⁴9

260 689 329 750 latis
359 688 392 747 in
423 686 556 749 Christo.
606 687 686 748 Huia
711 695 813 748 autem
836 687 953 768 gratiae
975 705 1068 748 nemo
1091 690 1181 770 perti-

260 772 366 832 nsaius
395 772 528 849 resistit,
562 790 652 853 quam
675 772 779 851 quiin
800 771 889 857 litem
908 771 987 851 legis
1008 773 1079 832 iusti
1100 779 1181 835 sunt.

259 856 295 916 Hi
317 855 404 914 enim
416 855 699 935 interpretationem
713 855 790 936 legis
804 861 866 914 non
886 855 1063 934 suscipiunt,
1085 855 1181 916 multo

260 940 359 999 minus
382 957 417 998 se
437 944 619 1017 peecatores
640 944 857 1019 agnoscerent,
878 942 988 1021 putant
1009 937 1090 1000 enim
1113 957 1183 1000 sese

260 1022 361 1102 legem
390 1020 534 1101 implere,
564 1039 654 1101 qnam
682 1017 873 1101 impossibile
900 1026 947 1080 est
972 1021 1101 1102 implere
1128 1041 1184 1102 per

261 1124 402 1182 earnem,
429 1103 519 1165 Rom.
548 1105 577 1168 8.
627 1103 702 1167 Ideo
732 1103 870 1164 Christus
898 1121 980 1164 nuno
1008 1103 1083 1167 dicit
1103 1105 1183 1166 inter

261 1196 367 1250 aetera
394 1187 558 1264 mimula,
591 1187 673 1267 qnod
700 1185 885 1267 pauperibus
908 1187 1064 1248 nuntiatur
1084 1189 1184 1270 gratia

263 1278 293 1332 et
312 1291 389 1351 pax,
411 1272 484 1350 quia
505 1269 648 1330 divitibus
670 1277 702 1330 et
722 1269 862 1352 superbis
885 1287 923 1329 aa
944 1270 1005 1330 ism
1019 1271 1105 1334 iustis
1118 1290 1181 1332 non

262 1360 366 1435 potest
387 1355 530 1432 nuntiari,
552 1372 591 1416 eo
614 1353 696 1433 quod
707 1352 993 1434 interpretationem
1012 1353 1101 1434 logis,
1114 1355 1132 1418 i.
1145 1374 1182 1434 e,

262 1437 529 1499 annuntiationem
556 1437 768 1518 poenitentiae
798 1439 829 1496 et
844 1435 1001 1532 ¹baptismi
1028 1434 1179 1498 Johannis
1293 1465 1294 1470 ¹

261 1540 323 1582 non
355 1518 547 1599 suscipiunt,
578 1519 650 1580 ideo
677 1520 722 1579 ira
742 1520 845 1599 potius
867 1517 927 1578 illis
950 1519 1106 1578 nuntiatur
1126 1537 1182 1600 pro

261 1622 348 1685 paee.
391 1601 509 1663 Nolunt
528 1602 588 1664 diei
611 1602 710 1680 stulti,
738 1608 939 1684 peccatores,
960 1599 1089 1681 infirmi,
1112 1603 1184 1684 quis

261 1707 322 1749 non
345 1685 523 1767 intelligunt
545 1685 645 1767 legem
667 1686 697 1744 in
716 1685 863 1766 spirituali
881 1683 1093 1766 intelligentia.
1127 1683 1184 1745 Est

262 1771 353 1831 etiam
377 1768 557 1848 notandum,
574 1764 658 1850 quod
671 1768 836 1850 spiritualia
858 1765 1094 1851 intelligentias
1109 1765 1183 1828 mul-

203 1859 207 1872 '
261 1854 299 1914 tis
320 1852 472 1934 accipitur
492 1853 598 1913 neseio
612 1850 780 1932 quomodo,
802 1849 920 1911 seilicet
934 1869 990 1930 pro
1006 1849 1185 1932 allegorias,

263 1935 475 2016 tropologias,
504 1935 686 2016 anagogica.
741 1934 853 1996 Verum
888 1929 1012 2014 quidem
1038 1932 1100 1995 hoe
1128 1939 1184 2014 est

263 2018 315 2080 sed
338 2016 468 2078 adverte
496 2019 623 2079 reatina:
655 2016 828 2097 spiritualis
850 2015 902 2076 lex
931 2035 986 2076 seu
1013 2016 1183 2098 intelligen-

263 2103 374 2182 tiaest
395 2120 444 2179 ea,
467 2120 547 2182 quae
568 2099 724 2181 significet
745 2101 884 2180 spiritum
906 2118 961 2159 seu
982 2101 1130 2180 gratiam,
1150 2105 1184 2160 ut

264 2184 397 2262 scilieet,
429 2183 480 2264 qui
501 2182 595 2244 habet
617 2183 754 2272 spiritum
778 2187 809 2244 et
831 2181 978 2264 gratiam,
1010 2181 1062 2243 hie
1081 2181 1184 2268 habet²

265 2266 345 2348 quod
367 2264 420 2326 lex
441 2265 535 2327 iubet.
576 2265 614 2327 Ε.
643 2286 688 2347 gra
737 2264 807 2325 Non
829 2266 920 2326 irasci
950 2269 998 2325 est
1018 2264 1185 2346 spiritualis

263 2351 322 2429 lex,
344 2350 437 2411 huius
458 2347 558 2429 litera,
579 2347 649 2410 Non
672 2347 815 2429 oeeides3
836 2349 902 2409 sine
924 2353 1027 2409 sutem
1048 2349 1094 2409 ira
1116 2363 1184 2409 esse

264 2454 323 2495 non
345 2439 450 2515 potes,
471 2434 530 2493 nisi
553 2432 595 2493 sis
616 2434 698 2494 mitis
721 2433 814 2493 etiam
836 2433 867 2493 in
880 2430 1036 2511 adversis3
1056 2436 1089 2492 at
1105 2428 1185 2491 bana
1210 2420 1222 2444 ²

266 2518 427 2577 mititatem
449 2516 534 2577 nulla
556 2516 646 2577 litera
665 2515 768 2594 habet,
791 2514 846 2575 sed
869 2512 938 2575 sols
959 2512 1058 2595 gratia
1079 2511 1183 2577 donat.

263 2598 335 2661 ideo
360 2603 490 2659 vocatur
511 2598 562 2659 lex
584 2598 758 2681 spiritualis,
781 2599 853 2679 quia
875 2596 1012 2679 spiritum
1025 2596 1185 2680 praecipit,

263 2683 352 2744 litera
380 2686 484 2742 sutem
511 2676 644 2764 requirit.
686 2680 774 2746 Haeo
803 2681 897 2741 etism
930 2684 978 2740 est
999 2676 1184 2761 tropologia,

265 2767 288 2827 si
314 2784 380 2827 non
409 2763 449 2824 ad
479 2771 606 2825 externa
635 2784 731 2847 opera
756 2764 921 2845 respicias,
958 2770 1037 2843 quae
1065 2758 1186 2843 semper

265 2855 335 2909 sunt
355 2848 455 2927 litera,
479 2847 533 2909 sed
556 2844 595 2908 ad
609 2866 663 2909 eor
685 2852 717 2911 et
737 2847 891 2929 spiritum3
913 2843 1006 2906 etiam
1028 2844 1186 2926 allegoria,

265 2930 478 3007 aecclesiam,
490 2934 525 2991 ut
541 2936 589 2991 est
603 2932 634 2990 in
647 2932 752 3011 spiritu
775 2930 792 2992 i.
816 2948 843 2989 e.
867 2928 1039 2989 voluntaris
1062 2928 1094 2988 in
1116 2926 1187 3009 lege

264 3014 332 3093 Dei,
355 3014 542 3095 suspexeris.
796 3050 799 3053 -
1064 3008 1067 3018 ’

346 3094 471 3157 Deinde
490 3094 650 3157 «lohannes
672 3094 841 3177 discipulos
863 3094 901 3155 ed
920 3094 1074 3155 Christum
1087 3094 1186 3171 mittit,

265 3182 283 3240 i.
306 3200 334 3241 e.
358 3178 554 3261 evangelium
574 3179 676 3261 legem
688 3180 894 3259 interpretans
907 3178 992 3259 cogit
1006 3175 1045 3237 ad
1057 3178 1187 3257 gratiam

264 3266 318 3327 ire.
372 3260 433 3322 Sed
461 3260 604 3323 Christus
626 3261 761 3323 Johanni
782 3268 848 3321 'non
869 3278 926 3343 per
946 3258 1041 3321 verba
1061 3278 1186 3342 respon-

266 3346 329 3425 det,
352 3344 408 3405 sed
428 3363 486 3429 per
507 3362 612 3425 opera,
636 3344 722 3425 quia,
744 3344 796 3405 ubi
819 3344 941 3425 spiritus
964 3349 995 3403 et
1016 3343 1115 3425 gratia
1137 3361 1187 3403 ve·

266 3430 366 3509 serit,
397 3429 458 3488 ianr
488 3428 738 3508 experimentalis
767 3426 895 3487 seientia
921 3424 1000 3507 legis
1029 3424 1110 3490 facta
1132 3430 1187 3486 est.

266 3512 318 3573 Sia
340 3512 425 3571 enim
446 3512 550 3571 unctio
572 3515 645 3571 tuno
667 3508 776 3589 dooet,
806 3514 840 3570 ut
864 3508 958 3571 homo
987 3526 1026 3569 ex
1048 3508 1111 3569 vita
1133 3525 1190 3567 sus

266 3596 369 3677 magis
392 3593 499 3672 discet,
520 3592 594 3672 quid
617 3593 719 3672 faciat,
741 3594 814 3673 quia
833 3593 894 3655 iam
916 3590 1019 3653 lexin
1041 3610 1105 3651 rem
1130 3588 1188 3671 sig-

268 3677 425 3739 nitioatam
448 3677 581 3755 transiit,
603 3680 635 3736 et
655 3676 691 3737 iit
711 3676 795 3756 quod
816 3674 1071 3757 ipss'praeoepit.
1114 3670 1188 3733 ideo

269 3766 395 3821 cessant
416 3759 525 3838 verba,
555 3778 622 3820 aum
652 3758 794 3820 venerint
825 3776 921 3839 opera
951 3758 970 3816 i.
994 3773 1021 3815 e.
1043 3756 1104 3816 iam
1126 3772 1189 3816 non

271 3850 319 3904 est
338 3842 403 3922 lex,
426 3839 479 3904 ubi
500 3848 549 3903 est
570 3839 709 3923 impletio
731 3842 820 3923 legis.
864 3838 915 3902 Sin
931 3844 1055 3918 oportet
1076 3837 1190 3899 Johan-

271 3946 343 3988 nem
364 3926 475 4003 minui,
497 3925 649 3986 Christum
672 3931 775 3987 sutem
795 3941 950 3999 erescere,
972 3922 1045 4001 quis
1066 3921 1118 3983 lex
1138 3922 1191 3981 im-

272 4010 420 4091 plexione
440 4010 489 4071 sui
508 4028 618 4073 manns
639 4028 763 4090 semper
782 4008 867 4087 ligat.
