3075 4750
608 508 710 565 000110
729 510 808 567 01101
827 512 908 566 Eccii.
999 510 1004 519 '
1154 508 1219 576 '421

295 682 402 757 romb·
421 698 460 740 ac
481 680 526 742 siu
546 698 611 741 non
632 687 748 742 tantum
773 678 1033 763 satispaticudo,
1063 682 1115 743 sed
1146 684 1220 745 sotis
1272 680 1283 713 ⁸

296 762 433 825 volendo
456 763 578 824 solvere
600 763 659 825 dici
680 771 811 845 possent
830 784 976 847 poenus·

382 843 504 906 Verum·
524 851 594 927 ego
628 848 722 907 tutius
738 872 742 879 ·
756 849 933 909 sustinuerim
970 866 994 917 a·
1035 846 1219 928 disputando

298 946 368 989 cum
391 928 607 990 subtilitatibus
630 931 753 991 scoticis
776 950 910 1011 vereque
932 932 1070 1010 scotinis,
1092 950 1131 991 ue
1144 932 1219 991 mihi

296 1012 401 1091 aliqua
428 1012 614 1073 formalitate
642 1007 878 1075 ncveconficts
900 1014 1069 1076 elabantur.
1112 1014 1219 1076 Gloria

295 1094 752 1179 tsmsnlbaest’spisucporum
778 1096 1115 1175 (011011011000οι1110),Υ
1137 1098 1218 1178 quod

296 1179 437 1264 episcopi
465 1178 543 1239 haec
571 1196 633 1239 non
662 1173 882 1261 ignorarint.²)
927 1180 1085 1242 ldecnon
1109 1180 1219 1242 dormi

294 1261 395 1339 tasse,
424 1258 480 1321 sed
508 1261 779 1323 alaubaudum
811 1263 960 1343 vigilasse
988 1262 1218 1325 mcenui‘sunt.
1290 1320 1294 1325 .

294 1344 428 1405 Felicem
442 1344 613 1405 ‘eeclesiam
637 1346 839 1423 eustacium
863 1346 1001 1426 episcopi
1024 1353 1094 1407 sunt
1111 1364 1219 1407 omues

295 1426 459 1503 amotae,
478 1433 535 1487 out
548 1427 650 1507 (quod
664 1427 817 1510 magissd
829 1430 893 1489 rein
908 1428 1000 1505 fatuit)¹
1015 1428 1219 1509 blocianistacp

293 1509 582 1591 perauiassaotum
592 1509 636 1589 fit,
648 1517 683 1571 ut
693 1527 849 1591 nunquam
860 1511 1042 1573 dormitasse
1054 1510 1218 1573 defendan-

295 1592 442 1672 tur-morte
455 1592 539 1672 quod
548 1592 659 1653 Eocius
674 1612 797 1674 semper
808 1610 864 1675 pro
877 1596 921 1655 eis
933 1594 1097 1655 dormitare
1112 1595 1218 1656 voluit.

378 1675 434 1736 Ec.
456 1675 559 1755 Addo,
583 1676 665 1757 quod
686 1683 824 1737 mortuus
847 1677 886 1737 ab
900 1679 1220 1739 excommunicatione

297 1758 418 1820 absolvi
440 1776 503 1819 non
525 1766 642 1840 posset,
664 1759 703 1819 de
725 1778 786 1839 quo
809 1768 881 1824 sunt
900 1761 1025 1841 vulgata
1046 1761 1121 1825 iura.

379 1840 468 1904 Luth.
495 1840 555 1903 Hui
578 1862 669 1921 quam
693 1839 808 1921 sobrie,
836 1840 870 1904 'et
896 1851 1019 1905 strenua
1041 1843 1149 1925 vigilet
1169 1844 1220 1903 hic

295 1924 420 1987 lllcciris.
443 1924 567 2005 Fateor,
587 1926 806 2007 sunt‘vulgeta
824 1928 900 1987 iura.
941 1925 1005 1988 Sed
1029 1926 1218 1987 (1001111Εο-

295 2009 376 2069 cisui
393 2008 469 2069 novi
479 2014 654 2089 apparatus,
677 2008 748 2069 ideo
764 2009 917 2070 credimus
929 2010 1088 2088 iutenmij
1114 2028 1218 2091 raesp-

296 2093 338 2152 tis
362 2098 394 2152 01
423 2092 558 2168 usitatis,
591 2091 692 2152 donec
721 2090 776 2152 ille
812 2091 927 2153 conflet
962 2092 1116 2154 meliores.
1164 2091 1225 2154 Eist

298 2173 351 2234 lib.
373 2178 402 2239 ὁ.
426 2173 465 2234 (10
486 2192 551 2235 sen.
574 2193 695 2235 excom.
716 2174 804 2235 aad
825 2174 925 2254 nobis,
947 2175 998 2236 ubi
1018 2194 1101 2257 papa
1115 2174 1217 2237 decer·

295 2257 342 2317 nit
376 2255 661 2319 excommunicatos
695 2258 787 2317 stiam
824 2262 963 2319 mortuos
999 2256 1217 2322 absolvendos.

295 2336 387 2415 Quod
407 2339 643 2401 Panormitsnus
667 2346 698 2401 01
720 2339 773 2400 alii
805 2340 996 2424 intelligunt,
1027 2340 1128 2421 quoad
1159 2348 1217 2404 nos

295 2441 351 2484 seu
372 2424 404 2483 in
427 2423 506 2484 lacis
525 2423 687 2501 acclesiae,
710 2440 780 2483 cnm
797 2423 860 2500 ille,
884 2423 986 2504 quoad
1010 2441 1052 2502 se,
1076 2424 1115 2484 de
1135 2423 1217 2486 sacto
1300 2420 1304 2428 ’

296 2524 354 2586 per
373 2511 503 2567 mortam
525 2507 566 2566 sit
584 2505 754 2583 absolutus,
778 2508 854 2567 citra
876 2507 1028 2570 acclesiae
1050 2507 1218 2568 absolutio-

297 2607 385 2668 nem,
417 2607 477 2649 neo
508 2589 624 2669 aliquid
651 2590 680 2650 ei
705 2588 800 2650 ‘obest
835 2591 1114 2651 excommunicatio
1149 2597 1221 2671 post

298 2680 428 2733 mortem
449 2671 572 2751 relicta,
597 2672 656 2732 nisi
677 2672 759 2752 quod
783 2691 846 2734 non
868 2672 990 2753 publice
1012 2691 1070 2753 pro
1093 2691 1131 2734 eo
1155 2693 1221 2734 ora-

297 2762 346 2815 tur
359 2756 397 2815 'in
420 2755 562 2834 00010010,
584 2755 725 2835 privatim
746 2762 851 2816 autem
873 2763 962 2817 orent
984 2757 1034 2836 qui
1051 2754 1167 2834 volent,
1189 2763 1222 2816 ut

299 2857 339 2898 ax
359 2838 408 2897 bis
434 2837 622 2917 intelligatur
644 2855 767 2903 omnem
790 2838 969 2920 ligationem
990 2839 1142 2900 ecelesiae
1157 2858 1221 2900 oes-

297 2925 367 2980 sar'e
380 2922 413 2981 in
429 2926 539 2999 morte,
552 2921 713 3002 solumque
732 2923 764 2981 in
782 2921 841 2982 hac
858 2923 922 2981 vito
939 2921 1053 3001 valere,
1076 2939 1172 3002 quare
1190 2930 1223 2984 01

297 3022 416 3084 possm
428 3021 581 3064 canonum
596 3005 819 3084 quoquehuius
832 3006 913 3065 vitae
930 3023 1048 3085 poenas
1065 3023 1136 3066 esse
1146 3005 1221 3066 dixi.

327 3091 330 3098 '
383 3087 497 3148 Vemm
519 3086 673 3147 dialectici
695 3087 795 3148 nostri
818 3087 1031 3168 syllogismum
1043 3088 1124 3149 vide.
1156 3087 1223 3149 Nisi

302 3168 447 3230 sscardcs
474 3176 582 3250 posset
609 3189 729 3250 poenas
756 3172 789 3229 in
818 3172 1029 3254 purgatorium
1065 3171 1222 3232 declarare

296 3258 470 3314 reservatus
492 3253 658 3328 morituro,
683 3270 746 3332 non
768 3261 877 3333 posset
898 3255 989 3314 etiam
1013 3255 1221 3314 excommnni-

297 3339 384 3395 cstut
407 3334 527 3395 absolui
549 3341 697 3397 mortuus.
739 3335 816 3411 Quis
839 3355 900 3398 non
922 3334 994 3398 dieo
1013 3336 1221 3397 scholastico-

297 3436 365 3477 rum
385 3416 564 3500 doctorum‚
589 3416 643 3478 sed
665 3420 755 3498 primi
778 3421 851 3479 anni
873 3419 1040 3500 discipulus
1063 3417 1221 3479 scholasti
1293 3426 1297 3435 '

294 3505 417 3578 dorum,
438 3500 528 3561 hanc.
542 3519 607 3561 oon
618 3500 718 3562 rideat
728 3501 1001 3581 consequentiam?
1035 3500 1222 3576 Quusiide'm

297 3584 341 3644 sit
358 3581 481 3643 absolui
502 3583 541 3646 sb
564 3584 712 3663 opinione
734 3581 903 3644 hominum¹
915 3586 946 3646 in
965 3583 1108 3661 ecclesia,
1132 3591 1163 3644 et
1178 3603 1223 3646 re-

300 3665 404 3747 legare
425 3666 598 3746 poenasin
620 3667 845 3748 purgatoin'um,
877 3685 944 3726 eum
974 3666 1038 3728 illie
1061 3666 1170 3748 culpae
1192 3673 1224 3727 et

298 3766 421 3828 poenae
448 3748 793 3838 remissiodeclaretur
823 3749 991 3828 ecclesiae,
1031 3769 1092 3810 non
1121 3757 1223 3809 autem

300 3971 308 4029 .·'
328 3947 386 4073 ui)
404 3947 482 4004 Iud..
494 3947 622 4002 additur:
639 3948 718 4004 haec.
743 3948 774 4013 2)
788 3945 873 4004 lbid.:
888 3948 1063 4017 ignorarunt.
1094 3947 1126 4016 3)
1139 3947 1222 4001 lbid.:

298 4033 327 4072 m
371 4033 412 4072 es.
