3075 4750
192 462 393 553 <sss

331 640 485 702 sententia
513 629 843 702 excommunicationis
881 640 1006 700 maioris
1036 640 1088 701 vel
1116 641 1257 718 minoris,

330 724 355 783 si
378 742 470 801 quam
492 723 654 800 ineurn'sti,
677 723 790 784 deinde
813 723 851 783 ab
875 723 1016 783 omnibus
1032 724 1170 803 peoeatis
1187 726 1258 802 tuis,

331 805 521 866 eonferendo
552 807 608 868 tibi
637 807 847 885 plenissimam
885 806 1022 865 omnium
1056 813 1257 886 peecatorum

330 894 451 949 tuorum
478 889 706 968 remissionem,
735 888 920 949 remittendo
944 890 1035 948 etiam
1059 890 1113 949 tibi
1135 908 1257 969 poenas

307 969 510 1051 purgatorii,
532 973 561 1029 in
585 979 729 1050 quantum
754 972 912 1031 seniores
935 980 1061 1031 sanotae
1083 972 1190 1031 matris
1209 990 1258 1031 eo

329 1053 445 1113 olesiae
476 1054 655 1114 muriunt.
712 1055 745 1114 In
778 1056 905 1115 nomine
938 1054 1036 1114 Patris
1070 1061 1101 1114 et
1131 1054 1200 1113 Filii
1224 1058 1257 1115 et

331 1134 362 1197 S.
386 1136 415 1197 S.
439 1136 550 1197 Amen.
686 1139 689 1141 ’

412 1219 673 1299 indulgentiarum
685 1220 818 1299 epistola
829 1221 1045 1296 vetustissima,
1059 1218 1114 1281 sub
1126 1220 1256 1279 Tetzelii

329 1301 425 1383 ipsius
447 1304 573 1361 nomine
594 1302 677 1362 edita
699 1303 851 1381 nobisque
873 1310 1044 1378 reservata,
1068 1304 1182 1381 scripta
1207 1310 1256 1362 est

331 1384 361 1445 d.
384 1384 458 1445 xlx
480 1404 518 1449 m.
541 1386 613 1445 Maii
634 1404 662 1445 a.
686 1389 782 1467 1515,
812 1393 843 1445 et
863 1388 1096 1466 primum-anuo
1122 1386 1256 1449 1705111

330 1467 425 1529 libro:
446 1467 657 1548 Unsehuldige
677 1464 883 1529 Naobriehteu·
896 1486 958 1528 von
972 1469 1054 1529 alten
1072 1468 1134 1527 und
1153 1486 1257 1527 neuen

330 1550 425 1613 theol.
452 1550 573 1611 Saehen
605 1570 635 1630 p.
670 1554 724 1615 197
762 1570 807 1630 sq.
838 1571 857 1611 a
889 1552 1063 1612 Loesohsro
1099 1550 1256 1630 evulgata,

330 1633 442 1694 deinde
457 1634 489 1692 in
509 1633 746 1717 Reformationis
761 1634 846 1693 Actis
864 1634 900 1695 T.
921 1638 947 1705 i,
962 1654 992 1714 p.
1012 1636 1068 1697 391
1089 1634 1127 1693 ab
1142 1632 1257 1694 eodem

330 1718 463 1796 repetita
485 1724 540 1791 est,
565 1717 616 1776 ubi
639 1716 831 1797 sielegitur:

412 1799 521 1859 Frater
539 1799 699 1859 iohannes
720 1799 842 1876 i'etzel,
867 1798 982 1858 ordinis
1004 1796 1274 1878 praedicatorum*

331 1882 509 1960 Lipsiensis,
532 1900 640 1941 saurae
661 1882 854 1961 'theologiae
876 1882 1099 1942 Baoealsureus
1122 1900 1160 1941 ae
1182 1884 1258 1943 hae·

327 1965 443 2024 retioae
464 1966 622 2043 pravitatis
641 1965 806 2043 inquisitor
828 1965 985 2043 specialis,
1015 1966 1203 2025 sanctissimi
1223 1967 1257 2025 in

329 2046 451 2107 Christo
474 2048 584 2129 patris,
606 2048 731 2107 Domini
753 2050 849 2107 nostri
872 2047 1005 2124 Leonis,
1028 2047 1133 2107 divina
1153 2050 1258 2128 provi-

330 2130 435 2189 dentia
455 2128 558 2209 Pspae
580 2129 701 2213 deoimi,
724 2132 836 2190 summi
851 2128 1018 2208 Pontifieis,
1042 2130 1102 2189 Dei
1124 2132 1156 2189 in
1179 2131 1258 2191 orbe

332 2214 476 2273 universo
507 2213 617 2273 Viearii
647 2221 681 2272 ut
710 2219 741 2272 et
768 2219 895 2272 sanetae
924 2212 1004 2271 sedis
1024 2213 1195 2273 Romanae*
1216 2214 1257 2274 ad

333 2294 554 2356 Germanorum
576 2296 761 2376 provincias,
785 2294 956 2372 dioeseses,
979 2296 1134 2374 eivitates,
1157 2302 1257 2356 terras

333 2386 364 2439 et
384 2380 456 2440 loos
476 2379 633 2458 quaelibet
645 2379 838 2440 Subnunoius
861 2386 891 2438 et
913 2380 1189 2440 sacratissimarum
1211 2381 1257 2440 iu-

332 2461 556 2542 dngsntiarum
579 2461 835 2537 -Oommissarius,
868 2481 931 2520 una
961 2479 1029 2520 oum
1059 2461 1256 2522 Gnardiano

279 2610 281 2615 ,
331 2545 456 2604 fratrum
484 2546 637 2604 minorum
670 2545 768 2604 saneti
795 2545 965 2618 Francisei,
1003 2545 1034 2603 iu
1070 2545 1129 2604 heo
1166 2553 1257 2626 parte

333 2627 470 2706 collega,
499 2627 640 2687 omuibus
662 2634 694 2686 st
714 2627 843 2705 singuiis
865 2627 921 2686 hos
944 2627 1047 2686 literas
1069 2629 1257 2707 inspeoturis

333 2708 445 2768 Christi
466 2708 620 2788 fidelibus,
641 2711 820 2788 praeprimis
834 2709 1071 2788 magistratibus,
1093 2709 1257 2790 iudicibus,

331 2791 561 2870 inquisitoribus
584 2811 621 2851 oo
641 2790 740 2852 forum
763 2792 925 2872 agentibus
948 2800 1007 2850 tam
1028 2791 1147 2852 eleriois
1162 2813 1256 2874 quam

218 2895 235 2919 ·
333 2875 436 2953 lsiois,
465 2873 602 2934 Salutem
628 2875 661 2933 in
689 2875 823 2934 Domino
851 2876 1077 2954 sempiternam.
1128 2876 1258 2937 Detexit

331 2956 422 3016 nobis
445 2957 850 3036 moestissimetnstiusque
870 2958 1031 3017 eoniessue
1050 2963 1097 3017 est
1109 2957 1256 3020 Matthias

332 3039 647 3118 Mannum-inquilinus
663 3040 756 3100 villae
768 3039 927 3116 Oriehow,
960 3040 1256 3102 Burohiwerbiensis

332 3122 499 3202 parochiae
527 3122 567 3181 ad
591 3121 708 3200 Salam,
740 3123 823 3201 quod
850 3123 1000 3182 voluisset
1020 3120 1123 3202 lapide
1144 3143 1256 3186 sanem

331 3205 425 3264 vieini
439 3207 485 3264 sui
497 3205 693 3265 aliatrsntem
706 3214 821 3285 petere,
835 3207 865 3264 in
879 3225 940 3284 quo
954 3207 1035 3265 iaetu
1050 3207 1142 3266 vieini
1157 3206 1258 3267 filiola

333 3307 367 3347 se
387 3308 452 3348 non
474 3287 599 3371 ridente
627 3289 696 3347 oani
717 3290 1038 3368 appropinquavisoet,
1060 3307 1152 3367 quam
1175 3289 1257 3370 lapis

332 3379 440 3430 eontra
477 3389 601 3431 omnem
639 3371 830 3431 voluntatem
870 3389 955 3430 suam
991 3379 1021 3430 et
1049 3373 1255 3433 intentionem

334 3455 501 3536 tetigisset,
537 3453 575 3513 de
598 3473 658 3532 qua
684 3453 782 3513 oaede
811 3473 850 3512 ex
878 3455 992 3513 intimis
1019 3453 1111 3514 dolet.
1163 3455 1257 3515 Unde

332 3537 441 3597 volens
464 3536 553 3596 saluti
576 3555 650 3596 suae
673 3537 851 3614 consulere,
889 3557 908 3596 a
945 3536 1033 3596 uobis
1071 3535 1110 3596 de
1142 3556 1256 3618 oppor-

332 3626 426 3680 tunae
470 3619 673 3679 absolutionis
710 3618 847 3679 remedio
881 3619 937 3678 sibi
969 3619 1126 3698 provideri
1164 3620 1256 3680 flexis

332 3703 463 3784 genibus
486 3709 518 3762 et
538 3703 709 3762 ooniunetis
731 3701 872 3762 manibus
905 3703 1069 3762 lacrimans
1103 3703 1256 3782 postulari

267 3848 271 3855 ,
332 3785 415 3846 iseit.
458 3784 611 3861 onoiroe
631 3803 699 3860 nos,
721 3786 774 3862 qui
796 3784 926 3844 salutem
941 3785 1148 3863 quorumtibet
1162 3804 1256 3865 quae-

332 3885 400 3926 rere
422 3866 585 3945 debemus,
615 3867 730 3926 diotum
752 3867 910 3926 Matthiam
932 3867 1098 3945 Mennern,
1125 3870 1177 3947 qui
1200 3887 1255 3929 no·
1378 3921 1379 3930 .

332 3948 451 4008 bissum
472 3949 639 4010 seeundum
661 3951 743 4009 vires
764 3967 836 4010 suas
857 3951 889 4008 in
904 3950 1100 4033 commodum
1117 3950 1254 4013 fabricae
1378 3957 1379 3962 ’
