3075 4750
350 475 394 546 90
484 438 489 446 .
668 480 824 536 semones
843 479 954 536 Lntberi

351 654 482 732 quantis,
498 650 584 722 ouius
597 669 708 730 vesper
719 649 937 712 tenebrescens
953 655 1000 711 est
1019 650 1188 712 serotinum
1199 648 1269 711 sab⁴

349 736 444 813 bethi,
457 754 567 814 vesper
576 740 679 794 autem
690 733 850 794 lueesoens
865 741 913 794 est
925 753 1015 794 mane
1029 733 1089 794 diei
1103 733 1269 812 sequentis.

349 820 423 882 Ideo
431 818 590 897 distinguit
598 817 784 877 lueesoensi.
793 838 819 877 e.
827 817 1176 878 matutinumaserotino
1184 835 1270 897 prae-

350 903 480 962 sedente
501 902 580 980 ipso.
619 901 727 960 Mara:
751 900 850 961 Valde
875 920 974 960 mane.
1003 899 1091 961 Luat
1115 899 1270 960 Diluonlo.

237 976 260 1022 s
349 985 437 1046 lob:
460 983 536 1043 Cum
554 983 656 1043 adhue
676 983 823 1044 tenebrae
839 990 952 1046 essent.
984 982 1159 1044 Diluoulum
1177 981 1271 1041 valde

349 1087 450 1144 mane,
463 1087 574 1146 vesper
588 1066 757 1145 luoesoens,
778 1087 846 1127 oum
866 1066 966 1126 adhue
986 1059 1132 1128 tenebrae
1153 1072 1271 1140 essent,

349 1151 453 1210 omnia
479 1169 535 1229 pro
558 1149 668 1210 eodem
690 1150 742 1209 hio
762 1157 936 1227 sumuntur3
968 1149 1021 1209 sed
1045 1149 1270 1228 quod=Marous

348 1235 406 1311 ait,
430 1239 497 1294 orto
519 1234 581 1292 iam
603 1233 687 1310 sole,
715 1233 843 1294 refertur
865 1232 973 1310 adid,
1006 1232 1088 1310 quod
1111 1251 1208 1311 usque
1230 1230 1272 1290 ad

348 1317 521 1396 sepulerum
550 1323 715 1393 venerant,
757 1317 896 1376 exierant
930 1323 1031 1376 autem
1063 1323 1136 1376 ante
1169 1321 1270 1374 ortum

348 1400 423 1460 solis
445 1401 617 1476 civitatem,
640 1399 693 1459 sed
727 1399 857 1459 eumad
894 1399 1066 1477 sepulerum
1100 1398 1271 1474 venissent,

349 1488 433 1542 ortus
455 1489 503 1542 est
525 1483 588 1560 sol,
618 1482 700 1542 unde
723 1482 812 1542 dioit:
848 1483 1006 1542 Venerunt
1027 1481 1067 1542 ad
1090 1501 1271 1541 mouumen-

348 1571 411 1626 tum
444 1572 512 1626 orto
548 1567 610 1624 iam
645 1565 720 1626 sole.
780 1565 852 1627 Joh.
879 1565 954 1624 dioit
987 1565 1026 1626 de
1060 1564 1129 1624 sola
1162 1564 1271 1642 Maria,

348 1651 420 1727 quia
447 1649 543 1708 multa
565 1650 710 1726 mysteria
730 1649 761 1708 in
785 1649 844 1708 isto
863 1648 1001 1708 ¹artioulo
1034 1649 1146 1727 tangit,
1162 1648 1272 1706 'etiam
1327 1651 1334 1674 '
1374 1679 1375 1696 κ

347 1732 417 1791 ideo
440 1733 513 1809 quia
533 1731 624 1791 latius
649 1730 780 1790 intendit
801 1730 841 1790 de
863 1750 900 1790 ea
928 1731 1077 1808 seribere,
1106 1749 1198 1808 quam
1231 1729 1272 1790 de

347 1815 429 1890 aliis,
458 1814 530 1874 ideo
552 1814 652 1872 missis
674 1814 734 1872 illis
756 1813 837 1873 hano
864 1815 1006 1890 assumit,
1039 1820 1070 1873 et
1096 1833 1152 1892 per
1179 1819 1271 1892 gesta

347 1899 419 1958 eins
435 1916 503 1956 eam
526 1895 658 1956 deduoit.
702 1897 823 1956 Masta:
873 1897 914 1956 ut
942 1915 1016 1956 eooe
1045 1904 1143 1956 terrae
1165 1902 1270 1955 motus

347 1981 444 2040 faetus
467 1985 515 2038 est
537 1997 677 2059 maguus.
720 1979 858 2059 Angelus
882 1985 983 2039 autem
1001 1979 1126 2040 Domini
1141 1978 1271 2038 deseen-

347 2063 391 2122 dit
412 2062 451 2120 de
473 2062 574 2138 coelo,
596 2068 628 2122 et
648 2062 801 2122 accedens
822 2063 954 2122 revolvit
975 2061 1107 2142 lapidem
1130 2069 1161 2122 et
1182 2062 1271 2121 sede·

230 2149 236 2156 “
346 2145 400 2205 bat
421 2164 512 2224 super
534 2164 614 2206 eum.
649 2145 724 2204 Erat
744 2145 909 2224 adspeetus
929 2148 995 2204 eius
1018 2143 1096 2204 sieut
1117 2144 1220 2224 fulgur
1240 2150 1272 2204 et

345 2229 531 2288 vestimenta
551 2229 618 2287 eius
640 2229 719 2287 siout
739 2247 820 2303 nox,
847 2248 922 2308 prae
944 2229 1054 2288 timore
1076 2235 1179 2288 autem
1201 2229 1270 2288 eius

347 2312 483 2371 exterriti
514 2317 586 2370 sunt
618 2310 762 2370 oustodes
792 2315 823 2372 et
850 2311 922 2375 faeti
947 2317 1018 2370 sunt
1039 2311 1124 2372 velut
1146 2311 1270 2371 mortui.
1374 2303 1375 2383 J

346 2397 460 2456 Mare:
504 2395 641 2454 Veniunt
667 2394 706 2453 ad
739 2402 970 2456 monumentum
1000 2402 1068 2455 orto
1097 2396 1159 2455 iam
1190 2396 1270 2455 sole.
1374 2450 1375 2483 ,

347 2479 433 2538 Haeo
453 2479 535 2538 saeta
557 2484 627 2537 sunt
651 2484 724 2537 ante
745 2478 911 2538 adventum
934 2478 1111 2552 mulierum,
1133 2484 1165 2539 et
1185 2478 1270 2537 huno
1374 2516 1375 2533 i

347 2561 492 2641 angelum
509 2562 597 2621 torte
612 2568 643 2619 et
663 2561 808 2621 custodes
831 2560 987 2637 viderunt,
1009 2570 1063 2621 ant
1083 2560 1192 2621 saltem
1213 2560 1270 2619 ful·
1374 2584 1375 2595 ¹

346 2663 453 2723 gorem
476 2644 552 2705 eius.
596 2642 656 2702 Ubi
676 2643 845 2721 sciendum,
867 2643 950 2722 quod
971 2645 1030 2703 iste
1052 2643 1181 2724 angelus
1204 2662 1270 2704 non

347 2728 460 2786 mansit
482 2724 594 2785 sedens
616 2745 707 2804 super
728 2726 879 2805 lapidem,
909 2726 963 2786 sed
984 2746 1087 2786 rursus
1110 2726 1270 2805 disparuit,

347 2809 448 2868 donee
469 2808 611 2867 mulieres
631 2809 815 2878 introierunt
836 2809 1031 2888 sepulerum:
1053 2808 1127 2869 Oum
1141 2810 1272 2869 vidisset

346 2892 475 2968 fantum,
497 2895 529 2949 et
550 2899 623 2949 tuno
643 2889 704 2949 illis
724 2891 909 2970 perturbatis
931 2911 1033 2951 rursus
1056 2892 1213 2971 apparuit,
1238 2898 1271 2951 ut

347 2994 387 3034 ex
407 2974 491 3032 Lusa
511 2974 683 3053 colligitur:
726 2974 767 3034 at
787 2976 986 3054 respicientes
1013 2974 1172 3053 viderunt,
1203 2981 1270 3034 erat

347 3058 461 3135 quippe
488 3076 617 3137 magnus
647 3056 748 3116 valde.
791 3057 879 3119 Luta:
917 3058 1105 3117 Invenerunt
1132 3057 1269 3137 lapidem

345 3139 528 3200 revolutum.
571 3139 662 3199 son:
690 3138 849 3199 Sublatam
877 3160 897 3199 a
925 3147 1135 3202 monumento.
1184 3140 1270 3201 Eece

346 3223 397 3282 hio
417 3221 522 3299 habes,
545 3221 627 3301 quod
645 3217 793 3302 'angelum
816 3242 879 3283 non
897 3222 1047 3301 viderunt,
1068 3242 1126 3283 neo
1144 3221 1270 3285 invene

346 3313 416 3364 runt
438 3305 597 3364 sedentem
619 3324 711 3383 super
731 3305 876 3384 lapidem.
919 3305 1046 3367 Abierat
1068 3308 1149 3366 enim
1167 3312 1269 3367 austo-

347 3388 435 3448 dibus
458 3388 618 3449 deterritis.
651 3387 740 3449 Luat
761 3388 802 3447 Et
813 3390 980 3467 ingressae
1002 3408 1063 3449 non
1085 3390 1271 3449 invenerunt

347 3490 458 3552 eorpus
478 3471 603 3530 Domini
624 3470 707 3533 lesu.
752 3470 803 3532 Sio
825 3488 898 3552 ergo
922 3478 994 3545 sunt
1012 3472 1187 3552 ingressae,
1210 3474 1270 3552 pri-

309 3587 315 3604 ·
348 3575 429 3614 mum
451 3553 542 3613 nullis
565 3554 798 3632 apparentibus,
821 3560 852 3613 et
872 3554 950 3614 forte
973 3554 1044 3615 dum
1068 3556 1113 3614 sio
1135 3555 1268 3614 invioem

348 3637 547 3717 disputarent,
570 3654 701 3714 quonam
725 3638 925 3715 pervenisset.
967 3638 1008 3697 Et
1019 3637 1089 3697 hino
1103 3638 1269 3718 respicienss

348 3728 394 3781 tes
417 3727 448 3779 et
468 3740 537 3779 oum
559 3720 748 3795 introeuntes
771 3720 882 3779 anxiae
905 3729 1022 3800 essent,
1045 3727 1117 3781 tuno
1136 3722 1268 3801 primum

348 3810 554 3882 apparuerunt
582 3802 626 3861 eis
657 3802 769 3882 angeli.
824 3802 914 3863 Unde
937 3803 1010 3863 dicit
1032 3810 1150 3883 textus,
1180 3803 1267 3863 Lua:

347 3886 388 3945 Et
409 3887 522 3945 laetum
545 3891 606 3963 est,
638 3885 710 3955 dnm
732 3892 836 3946 mente
858 3892 1074 3949 consternatae
1097 3894 1201 3949 essent
1228 3889 1268 3951 de

347 3969 406 4028 isto
429 3987 471 4032 so.
494 3987 624 4047 corpore
646 3967 766 4048 ablato,
790 3970 874 4029 varia
895 3971 1085 4049 suspicantes
1106 3968 1139 4031 et
1160 3974 1284 4069 timem,
