<?xml version="1.0" encoding="UTF-8"?>
<!DOCTYPE html PUBLIC "-//W3C//DTD XHTML 1.0 Transitional//EN"
    "http://www.w3.org/TR/xhtml1/DTD/xhtml1-transitional.dtd">
<html xmlns="http://www.w3.org/1999/xhtml" xml:lang="en" lang="en">
 <head>
  <title>
</title>
<meta http-equiv="Content-Type" content="text/html;charset=utf-8" />
  <meta name='ocr-system' content='tesseract 3.04.00' />
  <meta name='ocr-capabilities' content='ocr_page ocr_carea ocr_par ocr_line ocrx_word'/>
</head>
<body>
  <div class='ocr_page' id='page_1' title='image "./operalatinavari01schmgoog_0066.png"; bbox 0 0 3075 4750; ppageno 0'>
   <div class='ocr_carea' id='block_1_1' title="bbox 353 494 977 568">
    <p class='ocr_par' dir='ltr' id='par_1_1' title="bbox 353 494 977 568">
     <span class='ocr_line' id='line_1_1' title="bbox 353 494 977 568; baseline 0.006 -9"><span class='ocrx_word' id='word_1_1' title='bbox 353 497 397 568; x_wconf 72' lang='grc'><strong>58</strong></span> <span class='ocrx_word' id='word_1_2' title='bbox 698 494 977 562; x_wconf 66' lang='lat' dir='ltr'><strong>Samonsstnthcri</strong></span> 
     </span>
    </p>
   </div>
   <div class='ocr_carea' id='block_1_2' title="bbox 354 675 1284 1153">
    <p class='ocr_par' dir='ltr' id='par_1_2' title="bbox 354 675 1284 1153">
     <span class='ocr_line' id='line_1_2' title="bbox 359 675 1284 761; baseline 0.005 -23"><span class='ocrx_word' id='word_1_3' title='bbox 359 675 407 739; x_wconf 84' lang='lat' dir='ltr'><strong>lus</strong></span> <span class='ocrx_word' id='word_1_4' title='bbox 431 677 525 740; x_wconf 86' lang='lat' dir='ltr'><strong>bomo</strong></span> <span class='ocrx_word' id='word_1_5' title='bbox 547 675 624 738; x_wconf 79' lang='lat' dir='ltr'><strong>velit</strong></span> <span class='ocrx_word' id='word_1_6' title='bbox 644 677 798 760; x_wconf 87' lang='lat' dir='ltr'><strong>damnari,</strong></span> <span class='ocrx_word' id='word_1_7' title='bbox 820 679 888 740; x_wconf 84' lang='lat' dir='ltr'><strong>sola</strong></span> <span class='ocrx_word' id='word_1_8' title='bbox 905 679 1057 760; x_wconf 75' lang='lat' dir='ltr'><strong>sapientia</strong></span> <span class='ocrx_word' id='word_1_9' title='bbox 1077 681 1177 741; x_wconf 82' lang='lat' dir='ltr'><strong>camis</strong></span> <span class='ocrx_word' id='word_1_10' title='bbox 1195 682 1284 761; x_wconf 76' lang='lat' dir='ltr'><strong>iacit,</strong></span> 
     </span>
     <span class='ocr_line' id='line_1_3' title="bbox 358 761 1282 844; baseline 0.005 -22"><span class='ocrx_word' id='word_1_11' title='bbox 358 762 444 842; x_wconf 85' lang='lat' dir='ltr'><strong>quod</strong></span> <span class='ocrx_word' id='word_1_12' title='bbox 467 761 618 842; x_wconf 75' lang='lat' dir='ltr'><strong>sapientia</strong></span> <span class='ocrx_word' id='word_1_13' title='bbox 639 763 697 824; x_wconf 88' lang='lat' dir='ltr'><strong>Dei</strong></span> <span class='ocrx_word' id='word_1_14' title='bbox 719 781 802 823; x_wconf 89' lang='lat' dir='ltr'><strong>nunc</strong></span> <span class='ocrx_word' id='word_1_15' title='bbox 822 764 918 839; x_wconf 85' lang='lat' dir='ltr'><strong>dicat,</strong></span> <span class='ocrx_word' id='word_1_16' title='bbox 941 783 1000 844; x_wconf 87' lang='lat' dir='ltr'><strong>ego</strong></span> <span class='ocrx_word' id='word_1_17' title='bbox 1017 761 1102 825; x_wconf 74' lang='lat' dir='ltr'><strong>volrii</strong></span> <span class='ocrx_word' id='word_1_18' title='bbox 1125 771 1158 824; x_wconf 88' lang='lat' dir='ltr'><strong>et</strong></span> <span class='ocrx_word' id='word_1_19' title='bbox 1177 770 1211 825; x_wconf 88' lang='lat' dir='ltr'><strong>tn</strong></span> <span class='ocrx_word' id='word_1_20' title='bbox 1224 785 1282 827; x_wconf 89' lang='lat' dir='ltr'><strong>no-</strong></span> 
     </span>
     <span class='ocr_line' id='line_1_4' title="bbox 356 841 1284 929; baseline 0.005 -23"><span class='ocrx_word' id='word_1_21' title='bbox 356 845 449 906; x_wconf 89' lang='lat' dir='ltr'><strong>luisti.</strong></span> <span class='ocrx_word' id='word_1_22' title='bbox 493 841 633 905; x_wconf 77' lang='lat' dir='ltr'><strong>Mirabile</strong></span> <span class='ocrx_word' id='word_1_23' title='bbox 655 847 737 906; x_wconf 90' lang='lat' dir='ltr'><strong>enim</strong></span> <span class='ocrx_word' id='word_1_24' title='bbox 760 852 820 929; x_wconf 86' lang='lat' dir='ltr'><strong>est,</strong></span> <span class='ocrx_word' id='word_1_25' title='bbox 852 846 934 928; x_wconf 87' lang='lat' dir='ltr'><strong>qnod</strong></span> <span class='ocrx_word' id='word_1_26' title='bbox 957 842 1148 908; x_wconf 74' lang='lat' dir='ltr'><strong>contradicat</strong></span> <span class='ocrx_word' id='word_1_27' title='bbox 1169 849 1227 910; x_wconf 86' lang='lat' dir='ltr'><strong>sibi</strong></span> <span class='ocrx_word' id='word_1_28' title='bbox 1248 856 1284 910; x_wconf 90' lang='lat' dir='ltr'><strong>et</strong></span> 
     </span>
     <span class='ocr_line' id='line_1_5' title="bbox 357 926 1284 1012; baseline 0.006 -25"><span class='ocrx_word' id='word_1_29' title='bbox 357 926 514 988; x_wconf 81' lang='lat' dir='ltr'><strong>discordet</strong></span> <span class='ocrx_word' id='word_1_30' title='bbox 535 927 678 989; x_wconf 85' lang='lat' dir='ltr'><strong>voluntas</strong></span> <span class='ocrx_word' id='word_1_31' title='bbox 692 930 751 990; x_wconf 88' lang='lat' dir='ltr'><strong>Dei</strong></span> <span class='ocrx_word' id='word_1_32' title='bbox 772 936 805 991; x_wconf 81' lang='lat' dir='ltr'><strong>et</strong></span> <span class='ocrx_word' id='word_1_33' title='bbox 824 931 941 992; x_wconf 86' lang='lat' dir='ltr'><strong>nostra.</strong></span> <span class='ocrx_word' id='word_1_34' title='bbox 981 930 1171 991; x_wconf 68' lang='lat' dir='ltr'><strong>acconen</strong></span> <span class='ocrx_word' id='word_1_35' title='bbox 1193 937 1284 1012; x_wconf 82' lang='lat' dir='ltr'><strong>patet</strong></span> 
     </span>
     <span class='ocr_line' id='line_1_6' title="bbox 354 1009 1280 1153; baseline 0.006 -83"><span class='ocrx_word' id='word_1_36' title='bbox 354 1011 488 1153; x_wconf 86' lang='lat' dir='ltr'><strong>primum</strong></span> <span class='ocrx_word' id='word_1_37' title='bbox 498 1014 525 1073; x_wconf 90' lang='lat' dir='ltr'><strong>i.</strong></span> <span class='ocrx_word' id='word_1_38' title='bbox 534 1009 726 1081; x_wconf 67' lang='lat' dir='ltr'><strong>‘firmana</strong></span> <span class='ocrx_word' id='word_1_39' title='bbox 739 1019 771 1074; x_wconf 91' lang='lat' dir='ltr'><strong>et</strong></span> <span class='ocrx_word' id='word_1_40' title='bbox 778 1014 969 1096; x_wconf 82' lang='lat' dir='ltr'><strong>experientia</strong></span> <span class='ocrx_word' id='word_1_41' title='bbox 977 1013 1280 1096; x_wconf 84' lang='lat' dir='ltr'><strong>erriusiibetpropria.</strong></span> 
     </span>
    </p>
   </div>
   <div class='ocr_carea' id='block_1_3' title="bbox 258 1093 1281 1178">
    <p class='ocr_par' dir='ltr' id='par_1_3' title="bbox 258 1093 1281 1178">
     <span class='ocr_line' id='line_1_7' title="bbox 258 1093 1281 1178; baseline 0.008 -26"><span class='ocrx_word' id='word_1_42' title='bbox 258 1129 260 1132; x_wconf 95' lang='lat'>-</span> <span class='ocrx_word' id='word_1_43' title='bbox 368 1093 410 1154; x_wconf 91' lang='lat' dir='ltr'><strong>lle</strong></span> <span class='ocrx_word' id='word_1_44' title='bbox 432 1095 514 1154; x_wconf 89' lang='lat' dir='ltr'><strong>enim</strong></span> <span class='ocrx_word' id='word_1_45' title='bbox 526 1093 609 1174; x_wconf 85' lang='lat' dir='ltr'><strong>dicit,</strong></span> <span class='ocrx_word' id='word_1_46' title='bbox 631 1095 725 1176; x_wconf 89' lang='lat' dir='ltr'><strong>Deus,</strong></span> <span class='ocrx_word' id='word_1_47' title='bbox 748 1099 799 1178; x_wconf 91' lang='lat' dir='ltr'><strong>qni</strong></span> <span class='ocrx_word' id='word_1_48' title='bbox 817 1097 883 1157; x_wconf 80' lang='lat' dir='ltr'><strong>vuit</strong></span> <span class='ocrx_word' id='word_1_49' title='bbox 899 1105 1007 1157; x_wconf 87' lang='lat' dir='ltr'><strong>omnes</strong></span> <span class='ocrx_word' id='word_1_50' title='bbox 1019 1097 1160 1158; x_wconf 80' lang='lat' dir='ltr'><strong>homines</strong></span> <span class='ocrx_word' id='word_1_51' title='bbox 1174 1099 1281 1160; x_wconf 79' lang='lat' dir='ltr'><strong>salvos</strong></span> 
     </span>
    </p>
   </div>
   <div class='ocr_carea' id='block_1_4' title="bbox 299 1173 1279 1344">
    <p class='ocr_par' dir='ltr' id='par_1_4' title="bbox 299 1173 1279 1344">
     <span class='ocr_line' id='line_1_8' title="bbox 353 1173 1279 1258; baseline 0.006 -22"><span class='ocrx_word' id='word_1_52' title='bbox 353 1173 418 1238; x_wconf 85' lang='lat' dir='ltr'><strong>fleri</strong></span> <span class='ocrx_word' id='word_1_53' title='bbox 443 1183 474 1238; x_wconf 88' lang='lat' dir='ltr'><strong>et</strong></span> <span class='ocrx_word' id='word_1_54' title='bbox 492 1177 531 1237; x_wconf 90' lang='lat' dir='ltr'><strong>ad</strong></span> <span class='ocrx_word' id='word_1_55' title='bbox 544 1180 732 1256; x_wconf 77' lang='lat' dir='ltr'><strong>agnitionem</strong></span> <span class='ocrx_word' id='word_1_56' title='bbox 745 1181 883 1242; x_wconf 83' lang='lat' dir='ltr'><strong>veritatis</strong></span> <span class='ocrx_word' id='word_1_57' title='bbox 895 1181 1019 1258; x_wconf 80' lang='lat' dir='ltr'><strong>venire3</strong></span> <span class='ocrx_word' id='word_1_58' title='bbox 1040 1185 1072 1241; x_wconf 87' lang='lat' dir='ltr'><strong>et</strong></span> <span class='ocrx_word' id='word_1_59' title='bbox 1091 1179 1205 1243; x_wconf 69' lang='lat' dir='ltr'><strong>naseu</strong></span> <span class='ocrx_word' id='word_1_60' title='bbox 1222 1183 1262 1248; x_wconf 80' lang='lat'><strong>13</strong></span> <span class='ocrx_word' id='word_1_61' title='bbox 1271 1203 1279 1242; x_wconf 89' lang='lat'><strong>:</strong></span> 
     </span>
     <span class='ocr_line' id='line_1_9' title="bbox 299 1259 1279 1344; baseline 0.007 -26"><span class='ocrx_word' id='word_1_62' title='bbox 299 1307 313 1318; x_wconf 74' lang='grc'>.</span> <span class='ocrx_word' id='word_1_63' title='bbox 353 1259 432 1320; x_wconf 79' lang='lat' dir='ltr'><strong>lium</strong></span> <span class='ocrx_word' id='word_1_64' title='bbox 446 1260 518 1344; x_wconf 92' lang='lat' dir='ltr'><strong>qnid</strong></span> <span class='ocrx_word' id='word_1_65' title='bbox 527 1259 695 1322; x_wconf 86' lang='lat' dir='ltr'><strong>voluntatis</strong></span> <span class='ocrx_word' id='word_1_66' title='bbox 707 1263 767 1325; x_wconf 88' lang='lat' dir='ltr'><strong>mei</strong></span> <span class='ocrx_word' id='word_1_67' title='bbox 775 1266 828 1324; x_wconf 85' lang='lat' dir='ltr'><strong>eat</strong></span> <span class='ocrx_word' id='word_1_68' title='bbox 838 1274 921 1324; x_wconf 87' lang='lat' dir='ltr'><strong>mors</strong></span> <span class='ocrx_word' id='word_1_69' title='bbox 932 1263 1040 1344; x_wconf 82' lang='lat' dir='ltr'><strong>impii?</strong></span> <span class='ocrx_word' id='word_1_70' title='bbox 1059 1263 1279 1329; x_wconf 72' lang='lat' dir='ltr'><strong>etPsalm.2&#39;i:</strong></span> 
     </span>
    </p>
   </div>
   <div class='ocr_carea' id='block_1_5' title="bbox 355 1340 1391 1426">
    <p class='ocr_par' dir='ltr' id='par_1_5' title="bbox 355 1340 1391 1426">
     <span class='ocr_line' id='line_1_10' title="bbox 355 1340 1391 1426; baseline 0.003 -24"><span class='ocrx_word' id='word_1_71' title='bbox 355 1343 508 1418; x_wconf 78' lang='lat' dir='ltr'><strong>Quoniam</strong></span> <span class='ocrx_word' id='word_1_72' title='bbox 530 1345 575 1404; x_wconf 90' lang='lat' dir='ltr'><strong>ira</strong></span> <span class='ocrx_word' id='word_1_73' title='bbox 586 1346 617 1406; x_wconf 91' lang='lat' dir='ltr'><strong>in</strong></span> <span class='ocrx_word' id='word_1_74' title='bbox 629 1345 844 1425; x_wconf 74' lang='lat' dir='ltr'><strong>indignatione</strong></span> <span class='ocrx_word' id='word_1_75' title='bbox 858 1347 1006 1407; x_wconf 79' lang='lat' dir='ltr'><strong>eivitain</strong></span> <span class='ocrx_word' id='word_1_76' title='bbox 1019 1346 1180 1407; x_wconf 85' lang='lat' dir='ltr'><strong>voluntate</strong></span> <span class='ocrx_word' id='word_1_77' title='bbox 1202 1347 1280 1426; x_wconf 88' lang='lat' dir='ltr'><strong>eius,</strong></span> <span class='ocrx_word' id='word_1_78' title='bbox 1390 1340 1391 1405; x_wconf 73' lang='lat' dir='ltr'><strong>i</strong></span> 
     </span>
    </p>
   </div>
   <div class='ocr_carea' id='block_1_6' title="bbox 357 1419 1280 1508">
    <p class='ocr_par' dir='ltr' id='par_1_6' title="bbox 357 1419 1280 1508">
     <span class='ocr_line' id='line_1_11' title="bbox 357 1419 1280 1508; baseline 0.01 -23"><span class='ocrx_word' id='word_1_79' title='bbox 357 1432 388 1486; x_wconf 88' lang='lat' dir='ltr'><strong>et</strong></span> <span class='ocrx_word' id='word_1_80' title='bbox 410 1427 580 1508; x_wconf 83' lang='lat' dir='ltr'><strong>sapientiae</strong></span> <span class='ocrx_word' id='word_1_81' title='bbox 601 1427 685 1488; x_wconf 86' lang='lat' dir='ltr'><strong>Dens</strong></span> <span class='ocrx_word' id='word_1_82' title='bbox 708 1426 838 1490; x_wconf 79' lang='lat' dir='ltr'><strong>morteri</strong></span> <span class='ocrx_word' id='word_1_83' title='bbox 856 1419 924 1489; x_wconf 68' lang='lat' dir='ltr'><strong>&#39;non</strong></span> <span class='ocrx_word' id='word_1_84' title='bbox 947 1429 1035 1502; x_wconf 84' lang='lat' dir='ltr'><strong>iecit,</strong></span> <span class='ocrx_word' id='word_1_85' title='bbox 1062 1447 1122 1489; x_wconf 86' lang='lat' dir='ltr'><strong>nec</strong></span> <span class='ocrx_word' id='word_1_86' title='bbox 1142 1429 1280 1494; x_wconf 75' lang='lat' dir='ltr'><strong>delecta·</strong></span> 
     </span>
    </p>
   </div>
   <div class='ocr_carea' id='block_1_7' title="bbox 346 1509 1391 1599">
    <p class='ocr_par' dir='ltr' id='par_1_7' title="bbox 346 1509 1391 1599">
     <span class='ocr_line' id='line_1_12' title="bbox 346 1509 1391 1599; baseline 0.006 -30"><span class='ocrx_word' id='word_1_87' title='bbox 346 1513 402 1570; x_wconf 87' lang='lat' dir='ltr'><strong>&#39;tur</strong></span> <span class='ocrx_word' id='word_1_88' title='bbox 422 1511 452 1570; x_wconf 92' lang='lat' dir='ltr'><strong>in</strong></span> <span class='ocrx_word' id='word_1_89' title='bbox 479 1509 652 1599; x_wconf 85' lang='lat' dir='ltr'><strong>perditione</strong></span> <span class='ocrx_word' id='word_1_90' title='bbox 686 1513 865 1592; x_wconf 85' lang='lat' dir='ltr'><strong>impiorum:</strong></span> <span class='ocrx_word' id='word_1_91' title='bbox 895 1513 987 1591; x_wconf 77' lang='lat' dir='ltr'><strong>item,</strong></span> <span class='ocrx_word' id='word_1_92' title='bbox 1017 1511 1178 1574; x_wconf 69' lang='lat' dir='ltr'><strong>sanabiles</strong></span> <span class='ocrx_word' id='word_1_93' title='bbox 1203 1513 1282 1574; x_wconf 84' lang='lat' dir='ltr'><strong>iecit</strong></span> <span class='ocrx_word' id='word_1_94' title='bbox 1390 1530 1391 1537; x_wconf 53' lang='lat'>¹</span> 
     </span>
    </p>
   </div>
   <div class='ocr_carea' id='block_1_8' title="bbox 299 1593 1280 1923">
    <p class='ocr_par' dir='ltr' id='par_1_8' title="bbox 299 1593 1280 1923">
     <span class='ocr_line' id='line_1_13' title="bbox 353 1593 1280 1676; baseline 0.005 -23"><span class='ocrx_word' id='word_1_95' title='bbox 353 1593 496 1667; x_wconf 85' lang='lat' dir='ltr'><strong>nationes</strong></span> <span class='ocrx_word' id='word_1_96' title='bbox 519 1593 601 1656; x_wconf 90' lang='lat' dir='ltr'><strong>orbis</strong></span> <span class='ocrx_word' id='word_1_97' title='bbox 625 1600 682 1658; x_wconf 87' lang='lat' dir='ltr'><strong>eto.</strong></span> <span class='ocrx_word' id='word_1_98' title='bbox 725 1595 766 1656; x_wconf 82' lang='lat' dir='ltr'><strong>iit</strong></span> <span class='ocrx_word' id='word_1_99' title='bbox 787 1594 916 1676; x_wconf 84' lang='lat' dir='ltr'><strong>quilibet</strong></span> <span class='ocrx_word' id='word_1_100' title='bbox 929 1596 1116 1676; x_wconf 72' lang='lat' dir='ltr'><strong>requisitus,</strong></span> <span class='ocrx_word' id='word_1_101' title='bbox 1138 1613 1178 1656; x_wconf 87' lang='lat' dir='ltr'><strong>an</strong></span> <span class='ocrx_word' id='word_1_102' title='bbox 1200 1597 1280 1658; x_wconf 77' lang='lat' dir='ltr'><strong>velit</strong></span> 
     </span>
     <span class='ocr_line' id='line_1_14' title="bbox 352 1674 1276 1759; baseline 0.005 -23"><span class='ocrx_word' id='word_1_103' title='bbox 352 1674 475 1756; x_wconf 88' lang='lat' dir='ltr'><strong>salvari,</strong></span> <span class='ocrx_word' id='word_1_104' title='bbox 498 1675 665 1758; x_wconf 89' lang='lat' dir='ltr'><strong>respondet</strong></span> <span class='ocrx_word' id='word_1_105' title='bbox 674 1678 758 1758; x_wconf 82' lang='lat' dir='ltr'><strong>volo,</strong></span> <span class='ocrx_word' id='word_1_106' title='bbox 783 1678 931 1758; x_wconf 81' lang='lat' dir='ltr'><strong>damnari,</strong></span> <span class='ocrx_word' id='word_1_107' title='bbox 953 1683 985 1739; x_wconf 86' lang='lat' dir='ltr'><strong>et</strong></span> <span class='ocrx_word' id='word_1_108' title='bbox 1004 1678 1174 1759; x_wconf 80' lang='lat' dir='ltr'><strong>respondet</strong></span> <span class='ocrx_word' id='word_1_109' title='bbox 1185 1680 1276 1741; x_wconf 88' lang='lat' dir='ltr'><strong>nolo.</strong></span> 
     </span>
     <span class='ocr_line' id='line_1_15' title="bbox 299 1757 1278 1839; baseline 0.007 -22"><span class='ocrx_word' id='word_1_110' title='bbox 299 1801 303 1810; x_wconf 86' lang='lat'>.</span> <span class='ocrx_word' id='word_1_111' title='bbox 352 1757 393 1818; x_wconf 83' lang='lat' dir='ltr'><strong>lit</strong></span> <span class='ocrx_word' id='word_1_112' title='bbox 414 1777 476 1820; x_wconf 91' lang='lat' dir='ltr'><strong>non</strong></span> <span class='ocrx_word' id='word_1_113' title='bbox 502 1759 681 1821; x_wconf 87' lang='lat' dir='ltr'><strong>mirabiliter</strong></span> <span class='ocrx_word' id='word_1_114' title='bbox 710 1760 758 1839; x_wconf 90' lang='lat' dir='ltr'><strong>fit,</strong></span> <span class='ocrx_word' id='word_1_115' title='bbox 790 1768 825 1822; x_wconf 91' lang='lat' dir='ltr'><strong>nt</strong></span> <span class='ocrx_word' id='word_1_116' title='bbox 854 1761 946 1822; x_wconf 86' lang='lat' dir='ltr'><strong>baeo-</strong></span> <span class='ocrx_word' id='word_1_117' title='bbox 964 1780 1028 1822; x_wconf 91' lang='lat' dir='ltr'><strong>nna</strong></span> <span class='ocrx_word' id='word_1_118' title='bbox 1059 1763 1100 1822; x_wconf 86' lang='lat' dir='ltr'><strong>sit</strong></span> <span class='ocrx_word' id='word_1_119' title='bbox 1129 1761 1278 1824; x_wconf 82' lang='lat' dir='ltr'><strong>voluntas</strong></span> 
     </span>
     <span class='ocr_line' id='line_1_16' title="bbox 353 1839 1279 1923; baseline 0.008 -23"><span class='ocrx_word' id='word_1_120' title='bbox 353 1839 412 1900; x_wconf 85' lang='lat' dir='ltr'><strong>Dei</strong></span> <span class='ocrx_word' id='word_1_121' title='bbox 435 1849 466 1901; x_wconf 89' lang='lat' dir='ltr'><strong>et</strong></span> <span class='ocrx_word' id='word_1_122' title='bbox 486 1841 663 1921; x_wconf 90' lang='lat' dir='ltr'><strong>hominum,</strong></span> <span class='ocrx_word' id='word_1_123' title='bbox 692 1848 724 1904; x_wconf 89' lang='lat' dir='ltr'><strong>et</strong></span> <span class='ocrx_word' id='word_1_124' title='bbox 744 1844 843 1905; x_wconf 89' lang='lat' dir='ltr'><strong>altera</strong></span> <span class='ocrx_word' id='word_1_125' title='bbox 857 1843 941 1905; x_wconf 82' lang='lat' dir='ltr'><strong>dicat</strong></span> <span class='ocrx_word' id='word_1_126' title='bbox 962 1844 1002 1906; x_wconf 86' lang='lat' dir='ltr'><strong>ad</strong></span> <span class='ocrx_word' id='word_1_127' title='bbox 1023 1845 1169 1923; x_wconf 88' lang='lat' dir='ltr'><strong>alteram,</strong></span> <span class='ocrx_word' id='word_1_128' title='bbox 1191 1845 1279 1907; x_wconf 79' lang='lat' dir='ltr'><strong>volui</strong></span> 
     </span>
    </p>
   </div>
   <div class='ocr_carea' id='block_1_9' title="bbox 353 1924 1391 2010">
    <p class='ocr_par' dir='ltr' id='par_1_9' title="bbox 353 1924 1391 2010">
     <span class='ocr_line' id='line_1_17' title="bbox 353 1924 1391 2010; baseline 0.001 -26"><span class='ocrx_word' id='word_1_129' title='bbox 353 1927 385 1984; x_wconf 88' lang='lat' dir='ltr'><strong>et</strong></span> <span class='ocrx_word' id='word_1_130' title='bbox 406 1925 539 1986; x_wconf 87' lang='lat' dir='ltr'><strong>noluisti.</strong></span> <span class='ocrx_word' id='word_1_131' title='bbox 580 1924 664 1986; x_wconf 76' lang='lat' dir='ltr'><strong>‘llam</strong></span> <span class='ocrx_word' id='word_1_132' title='bbox 695 1928 757 1987; x_wconf 86' lang='lat' dir='ltr'><strong>ista</strong></span> <span class='ocrx_word' id='word_1_133' title='bbox 789 1928 957 2010; x_wconf 81' lang='lat' dir='ltr'><strong>syntereais</strong></span> <span class='ocrx_word' id='word_1_134' title='bbox 985 1929 1018 1989; x_wconf 85' lang='lat' dir='ltr'><strong>in</strong></span> <span class='ocrx_word' id='word_1_135' title='bbox 1039 1928 1200 1989; x_wconf 79' lang='lat' dir='ltr'><strong>volontate</strong></span> <span class='ocrx_word' id='word_1_136' title='bbox 1221 1929 1278 1988; x_wconf 77' lang='lat' dir='ltr'><strong>lra-</strong></span> <span class='ocrx_word' id='word_1_137' title='bbox 1390 1982 1391 1985; x_wconf 74' lang='grc'>,</span> 
     </span>
    </p>
   </div>
   <div class='ocr_carea' id='block_1_10' title="bbox 350 2008 1279 2506">
    <p class='ocr_par' dir='ltr' id='par_1_10' title="bbox 350 2008 1279 2506">
     <span class='ocr_line' id='line_1_18' title="bbox 353 2008 1279 2091; baseline 0.009 -25"><span class='ocrx_word' id='word_1_138' title='bbox 353 2008 498 2067; x_wconf 88' lang='lat' dir='ltr'><strong>manain</strong></span> <span class='ocrx_word' id='word_1_139' title='bbox 520 2015 712 2088; x_wconf 83' lang='lat' dir='ltr'><strong>perpetuum</strong></span> <span class='ocrx_word' id='word_1_140' title='bbox 724 2015 845 2091; x_wconf 89' lang='lat' dir='ltr'><strong>manet,</strong></span> <span class='ocrx_word' id='word_1_141' title='bbox 867 2010 951 2090; x_wconf 91' lang='lat' dir='ltr'><strong>qnod·</strong></span> <span class='ocrx_word' id='word_1_142' title='bbox 962 2010 1039 2071; x_wconf 86' lang='lat' dir='ltr'><strong>velit</strong></span> <span class='ocrx_word' id='word_1_143' title='bbox 1047 2011 1172 2090; x_wconf 87' lang='lat' dir='ltr'><strong>salvari,</strong></span> <span class='ocrx_word' id='word_1_144' title='bbox 1193 2011 1279 2074; x_wconf 81' lang='lat' dir='ltr'><strong>bene</strong></span> 
     </span>
     <span class='ocr_line' id='line_1_19' title="bbox 354 2089 1278 2172; baseline 0.008 -22"><span class='ocrx_word' id='word_1_145' title='bbox 354 2089 507 2169; x_wconf 87' lang='lat' dir='ltr'><strong>beateque</strong></span> <span class='ocrx_word' id='word_1_146' title='bbox 528 2091 649 2168; x_wconf 83' lang='lat' dir='ltr'><strong>vivere,</strong></span> <span class='ocrx_word' id='word_1_147' title='bbox 676 2093 756 2153; x_wconf 88' lang='lat' dir='ltr'><strong>nolit</strong></span> <span class='ocrx_word' id='word_1_148' title='bbox 787 2100 818 2154; x_wconf 91' lang='lat' dir='ltr'><strong>et</strong></span> <span class='ocrx_word' id='word_1_149' title='bbox 839 2093 924 2154; x_wconf 91' lang='lat' dir='ltr'><strong>odiat</strong></span> <span class='ocrx_word' id='word_1_150' title='bbox 945 2093 1099 2172; x_wconf 87' lang='lat' dir='ltr'><strong>damnari,</strong></span> <span class='ocrx_word' id='word_1_151' title='bbox 1124 2093 1225 2154; x_wconf 71' lang='lat' dir='ltr'><strong>‘sient&#39;</strong></span> <span class='ocrx_word' id='word_1_152' title='bbox 1243 2101 1278 2157; x_wconf 82' lang='lat' dir='ltr'><strong>et</strong></span> 
     </span>
     <span class='ocr_line' id='line_1_20' title="bbox 350 2173 1275 2260; baseline 0.006 -28"><span class='ocrx_word' id='word_1_153' title='bbox 350 2173 478 2233; x_wconf 87' lang='lat' dir='ltr'><strong>rationis</strong></span> <span class='ocrx_word' id='word_1_154' title='bbox 492 2175 658 2254; x_wconf 89' lang='lat' dir='ltr'><strong>synteresis</strong></span> <span class='ocrx_word' id='word_1_155' title='bbox 671 2175 961 2258; x_wconf 84' lang='lat' dir='ltr'><strong>inexstinguibiliter</strong></span> <span class='ocrx_word' id='word_1_156' title='bbox 970 2176 1154 2257; x_wconf 85' lang='lat' dir='ltr'><strong>deprecatur</strong></span> <span class='ocrx_word' id='word_1_157' title='bbox 1164 2176 1204 2237; x_wconf 92' lang='lat' dir='ltr'><strong>ad</strong></span> <span class='ocrx_word' id='word_1_158' title='bbox 1218 2195 1275 2260; x_wconf 91' lang='lat' dir='ltr'><strong>op-</strong></span> 
     </span>
     <span class='ocr_line' id='line_1_21' title="bbox 351 2255 1275 2340; baseline 0.009 -26"><span class='ocrx_word' id='word_1_159' title='bbox 351 2255 435 2334; x_wconf 88' lang='lat' dir='ltr'><strong>tima,</strong></span> <span class='ocrx_word' id='word_1_160' title='bbox 458 2255 497 2316; x_wconf 88' lang='lat' dir='ltr'><strong>ad</strong></span> <span class='ocrx_word' id='word_1_161' title='bbox 510 2275 592 2335; x_wconf 90' lang='lat' dir='ltr'><strong>vera,</strong></span> <span class='ocrx_word' id='word_1_162' title='bbox 614 2263 709 2336; x_wconf 85' lang='lat' dir='ltr'><strong>recta,</strong></span> <span class='ocrx_word' id='word_1_163' title='bbox 730 2259 822 2323; x_wconf 88' lang='lat' dir='ltr'><strong>iusta.</strong></span> <span class='ocrx_word' id='word_1_164' title='bbox 850 2259 1027 2320; x_wconf 87' lang='lat' dir='ltr'><strong>Haecenim</strong></span> <span class='ocrx_word' id='word_1_165' title='bbox 1040 2261 1207 2340; x_wconf 84' lang='lat' dir='ltr'><strong>synteresis</strong></span> <span class='ocrx_word' id='word_1_166' title='bbox 1225 2268 1275 2322; x_wconf 88' lang='lat' dir='ltr'><strong>est</strong></span> 
     </span>
     <span class='ocr_line' id='line_1_22' title="bbox 351 2340 1273 2425; baseline 0.008 -26"><span class='ocrx_word' id='word_1_167' title='bbox 351 2340 545 2402; x_wconf 81' lang='lat' dir='ltr'><strong>conservatio</strong></span> <span class='ocrx_word' id='word_1_168' title='bbox 582 2341 746 2423; x_wconf 80' lang='lat' dir='ltr'><strong>reliquiae,</strong></span> <span class='ocrx_word' id='word_1_169' title='bbox 781 2341 955 2423; x_wconf 85' lang='lat' dir='ltr'><strong>residuum,</strong></span> <span class='ocrx_word' id='word_1_170' title='bbox 985 2347 1140 2424; x_wconf 84' lang='lat' dir='ltr'><strong>superstes</strong></span> <span class='ocrx_word' id='word_1_171' title='bbox 1169 2345 1273 2425; x_wconf 82' lang='lat' dir='ltr'><strong>portio</strong></span> 
     </span>
     <span class='ocr_line' id='line_1_23' title="bbox 351 2425 1275 2506; baseline 0.006 -24"><span class='ocrx_word' id='word_1_172' title='bbox 351 2429 478 2484; x_wconf 88' lang='lat' dir='ltr'><strong>naturae</strong></span> <span class='ocrx_word' id='word_1_173' title='bbox 510 2425 761 2505; x_wconf 88' lang='lat' dir='ltr'><strong>incorruptione</strong></span> <span class='ocrx_word' id='word_1_174' title='bbox 791 2429 828 2487; x_wconf 84' lang='lat' dir='ltr'><strong>et</strong></span> <span class='ocrx_word' id='word_1_175' title='bbox 842 2427 917 2488; x_wconf 90' lang='lat' dir='ltr'><strong>vitio</strong></span> <span class='ocrx_word' id='word_1_176' title='bbox 939 2426 1095 2506; x_wconf 88' lang='lat' dir='ltr'><strong>perditae,</strong></span> <span class='ocrx_word' id='word_1_177' title='bbox 1122 2446 1160 2486; x_wconf 90' lang='lat' dir='ltr'><strong>ac</strong></span> <span class='ocrx_word' id='word_1_178' title='bbox 1187 2428 1275 2489; x_wconf 86' lang='lat' dir='ltr'><strong>velut</strong></span> 
     </span>
    </p>
   </div>
   <div class='ocr_carea' id='block_1_11' title="bbox 351 2506 1379 2587">
    <p class='ocr_par' dir='ltr' id='par_1_11' title="bbox 351 2506 1379 2587">
     <span class='ocr_line' id='line_1_24' title="bbox 351 2506 1379 2587; baseline 0.007 -22"><span class='ocrx_word' id='word_1_179' title='bbox 351 2506 467 2584; x_wconf 85' lang='lat' dir='ltr'><strong>lomes,</strong></span> <span class='ocrx_word' id='word_1_180' title='bbox 495 2524 600 2587; x_wconf 82' lang='lat' dir='ltr'><strong>semen</strong></span> <span class='ocrx_word' id='word_1_181' title='bbox 635 2512 666 2569; x_wconf 88' lang='lat' dir='ltr'><strong>et</strong></span> <span class='ocrx_word' id='word_1_182' title='bbox 695 2510 824 2571; x_wconf 83' lang='lat' dir='ltr'><strong>materia</strong></span> <span class='ocrx_word' id='word_1_183' title='bbox 844 2509 1075 2571; x_wconf 78' lang='lat' dir='ltr'><strong>resuscitandas</strong></span> <span class='ocrx_word' id='word_1_184' title='bbox 1103 2515 1135 2570; x_wconf 89' lang='lat' dir='ltr'><strong>et</strong></span> <span class='ocrx_word' id='word_1_185' title='bbox 1154 2516 1273 2571; x_wconf 82' lang='lat' dir='ltr'><strong>restan-</strong></span> <span class='ocrx_word' id='word_1_186' title='bbox 1376 2519 1379 2525; x_wconf 85' lang='lat'>&#39;</span> 
     </span>
    </p>
   </div>
   <div class='ocr_carea' id='block_1_12' title="bbox 288 2588 1273 4083">
    <p class='ocr_par' dir='ltr' id='par_1_12' title="bbox 288 2588 1273 4083">
     <span class='ocr_line' id='line_1_25' title="bbox 319 2588 1271 2672; baseline 0.007 -25"><span class='ocrx_word' id='word_1_187' title='bbox 319 2632 330 2648; x_wconf 85' lang='lat'>.</span> <span class='ocrx_word' id='word_1_188' title='bbox 349 2588 464 2649; x_wconf 88' lang='lat' dir='ltr'><strong>randao</strong></span> <span class='ocrx_word' id='word_1_189' title='bbox 476 2590 541 2651; x_wconf 88' lang='lat' dir='ltr'><strong>eius</strong></span> <span class='ocrx_word' id='word_1_190' title='bbox 558 2593 764 2672; x_wconf 84' lang='lat' dir='ltr'><strong>pergratiam,</strong></span> <span class='ocrx_word' id='word_1_191' title='bbox 787 2594 866 2652; x_wconf 85' lang='lat' dir='ltr'><strong>sicut</strong></span> <span class='ocrx_word' id='word_1_192' title='bbox 875 2592 967 2653; x_wconf 79' lang='lat' dir='ltr'><strong>lisa:</strong></span> <span class='ocrx_word' id='word_1_193' title='bbox 990 2591 1181 2653; x_wconf 81' lang='lat' dir='ltr'><strong>Arondinam</strong></span> <span class='ocrx_word' id='word_1_194' title='bbox 1196 2611 1271 2654; x_wconf 89' lang='lat' dir='ltr'><strong>con-</strong></span> 
     </span>
     <span class='ocr_line' id='line_1_26' title="bbox 288 2674 1272 2757; baseline 0.009 -29"><span class='ocrx_word' id='word_1_195' title='bbox 288 2708 290 2712; x_wconf 89' lang='lat'>·</span> <span class='ocrx_word' id='word_1_196' title='bbox 351 2678 526 2749; x_wconf 86' lang='lat' dir='ltr'><strong>quassatam</strong></span> <span class='ocrx_word' id='word_1_197' title='bbox 548 2689 612 2733; x_wconf 93' lang='lat' dir='ltr'><strong>non</strong></span> <span class='ocrx_word' id='word_1_198' title='bbox 634 2674 823 2757; x_wconf 80' lang='lat' dir='ltr'><strong>confringet,</strong></span> <span class='ocrx_word' id='word_1_199' title='bbox 860 2680 892 2736; x_wconf 85' lang='lat' dir='ltr'><strong>et</strong></span> <span class='ocrx_word' id='word_1_200' title='bbox 910 2674 1008 2734; x_wconf 84' lang='lat' dir='ltr'><strong>linum</strong></span> <span class='ocrx_word' id='word_1_201' title='bbox 1028 2675 1183 2756; x_wconf 79' lang='lat' dir='ltr'><strong>fumigans</strong></span> <span class='ocrx_word' id='word_1_202' title='bbox 1206 2694 1272 2737; x_wconf 89' lang='lat' dir='ltr'><strong>non</strong></span> 
     </span>
     <span class='ocr_line' id='line_1_27' title="bbox 351 2754 1273 2839; baseline 0.01 -28"><span class='ocrx_word' id='word_1_203' title='bbox 351 2754 543 2835; x_wconf 79' lang='lat' dir='ltr'><strong>exstinguet,</strong></span> <span class='ocrx_word' id='word_1_204' title='bbox 566 2756 653 2834; x_wconf 90' lang='lat' dir='ltr'><strong>quasi</strong></span> <span class='ocrx_word' id='word_1_205' title='bbox 676 2756 806 2834; x_wconf 87' lang='lat' dir='ltr'><strong>diceret,</strong></span> <span class='ocrx_word' id='word_1_206' title='bbox 838 2757 893 2817; x_wconf 91' lang='lat' dir='ltr'><strong>sed</strong></span> <span class='ocrx_word' id='word_1_207' title='bbox 914 2759 1017 2839; x_wconf 87' lang='lat' dir='ltr'><strong>potius</strong></span> <span class='ocrx_word' id='word_1_208' title='bbox 1038 2758 1273 2839; x_wconf 78' lang='lat' dir='ltr'><strong>redintegrabit,</strong></span> 
     </span>
     <span class='ocr_line' id='line_1_28' title="bbox 350 2836 1272 2916; baseline 0.011 -21"><span class='ocrx_word' id='word_1_209' title='bbox 350 2836 572 2916; x_wconf 73' lang='lat' dir='ltr'><strong>consolidabit,</strong></span> <span class='ocrx_word' id='word_1_210' title='bbox 599 2837 748 2900; x_wconf 87' lang='lat' dir='ltr'><strong>accendet</strong></span> <span class='ocrx_word' id='word_1_211' title='bbox 784 2846 815 2901; x_wconf 92' lang='lat' dir='ltr'><strong>et</strong></span> <span class='ocrx_word' id='word_1_212' title='bbox 840 2840 1051 2902; x_wconf 86' lang='lat' dir='ltr'><strong>inflammabit.</strong></span> <span class='ocrx_word' id='word_1_213' title='bbox 1094 2840 1145 2902; x_wconf 78' lang='lat' dir='ltr'><strong>sic</strong></span> <span class='ocrx_word' id='word_1_214' title='bbox 1171 2841 1272 2905; x_wconf 87' lang='lat' dir='ltr'><strong>idem:</strong></span> 
     </span>
     <span class='ocr_line' id='line_1_29' title="bbox 349 2916 1272 3004; baseline 0.009 -26"><span class='ocrx_word' id='word_1_215' title='bbox 349 2916 414 2978; x_wconf 85' lang='lat' dir='ltr'><strong>Nisi</strong></span> <span class='ocrx_word' id='word_1_216' title='bbox 440 2919 589 2981; x_wconf 86' lang='lat' dir='ltr'><strong>Dominus</strong></span> <span class='ocrx_word' id='word_1_217' title='bbox 610 2921 786 3003; x_wconf 85' lang='lat' dir='ltr'><strong>reliquisset</strong></span> <span class='ocrx_word' id='word_1_218' title='bbox 805 2923 895 2985; x_wconf 89' lang='lat' dir='ltr'><strong>nobis</strong></span> <span class='ocrx_word' id='word_1_219' title='bbox 918 2942 1042 3003; x_wconf 85' lang='lat' dir='ltr'><strong>semen,</strong></span> <span class='ocrx_word' id='word_1_220' title='bbox 1064 2925 1150 3004; x_wconf 83' lang='lat' dir='ltr'><strong>quasi</strong></span> <span class='ocrx_word' id='word_1_221' title='bbox 1173 2923 1272 2986; x_wconf 75' lang='lat' dir='ltr'><strong>Sodo-</strong></span> 
     </span>
     <span class='ocr_line' id='line_1_30' title="bbox 350 3002 1272 3089; baseline 0.01 -29"><span class='ocrx_word' id='word_1_222' title='bbox 350 3018 401 3060; x_wconf 89' lang='lat' dir='ltr'><strong>ma</strong></span> <span class='ocrx_word' id='word_1_223' title='bbox 423 3002 603 3083; x_wconf 86' lang='lat' dir='ltr'><strong>iuissemua,</strong></span> <span class='ocrx_word' id='word_1_224' title='bbox 623 3005 643 3065; x_wconf 90' lang='lat' dir='ltr'><strong>i.</strong></span> <span class='ocrx_word' id='word_1_225' title='bbox 667 3024 694 3068; x_wconf 90' lang='lat' dir='ltr'><strong>e.</strong></span> <span class='ocrx_word' id='word_1_226' title='bbox 717 3004 876 3089; x_wconf 82' lang='lat' dir='ltr'><strong>moraliter</strong></span> <span class='ocrx_word' id='word_1_227' title='bbox 895 3006 1069 3085; x_wconf 78' lang='lat' dir='ltr'><strong>loquendo,</strong></span> <span class='ocrx_word' id='word_1_228' title='bbox 1090 3008 1151 3066; x_wconf 84' lang='lat' dir='ltr'><strong>nisi</strong></span> <span class='ocrx_word' id='word_1_229' title='bbox 1169 3014 1272 3087; x_wconf 85' lang='lat' dir='ltr'><strong>synte-</strong></span> 
     </span>
     <span class='ocr_line' id='line_1_31' title="bbox 350 3084 1271 3170; baseline 0.009 -27"><span class='ocrx_word' id='word_1_230' title='bbox 350 3084 431 3143; x_wconf 84' lang='lat' dir='ltr'><strong>resin</strong></span> <span class='ocrx_word' id='word_1_231' title='bbox 456 3091 487 3145; x_wconf 87' lang='lat' dir='ltr'><strong>et</strong></span> <span class='ocrx_word' id='word_1_232' title='bbox 507 3086 652 3165; x_wconf 88' lang='lat' dir='ltr'><strong>reliquias</strong></span> <span class='ocrx_word' id='word_1_233' title='bbox 674 3096 802 3149; x_wconf 87' lang='lat' dir='ltr'><strong>naturae</strong></span> <span class='ocrx_word' id='word_1_234' title='bbox 824 3095 1144 3166; x_wconf 60' lang='lat' dir='ltr'><strong>conservassemus</strong></span> <span class='ocrx_word' id='word_1_235' title='bbox 1164 3092 1271 3170; x_wconf 76' lang='lat' dir='ltr'><strong>periia</strong></span> 
     </span>
     <span class='ocr_line' id='line_1_32' title="bbox 349 3167 1272 3253; baseline 0.01 -28"><span class='ocrx_word' id='word_1_236' title='bbox 349 3173 405 3228; x_wconf 89' lang='lat' dir='ltr'><strong>set.</strong></span> <span class='ocrx_word' id='word_1_237' title='bbox 448 3167 489 3228; x_wconf 80' lang='lat' dir='ltr'><strong>Et</strong></span> <span class='ocrx_word' id='word_1_238' title='bbox 507 3168 604 3247; x_wconf 91' lang='lat' dir='ltr'><strong>Hiob,</strong></span> <span class='ocrx_word' id='word_1_239' title='bbox 636 3170 754 3253; x_wconf 87' lang='lat' dir='ltr'><strong>lignum</strong></span> <span class='ocrx_word' id='word_1_240' title='bbox 784 3172 877 3233; x_wconf 91' lang='lat' dir='ltr'><strong>habet</strong></span> <span class='ocrx_word' id='word_1_241' title='bbox 906 3189 1008 3253; x_wconf 88' lang='lat' dir='ltr'><strong>spem,</strong></span> <span class='ocrx_word' id='word_1_242' title='bbox 1042 3172 1067 3231; x_wconf 83' lang='lat' dir='ltr'><strong>ai</strong></span> <span class='ocrx_word' id='word_1_243' title='bbox 1098 3174 1272 3253; x_wconf 89' lang='lat' dir='ltr'><strong>praecisum</strong></span> 
     </span>
     <span class='ocr_line' id='line_1_33' title="bbox 349 3248 1272 3335; baseline 0.01 -26"><span class='ocrx_word' id='word_1_244' title='bbox 349 3248 453 3329; x_wconf 83' lang='lat' dir='ltr'><strong>luerit,</strong></span> <span class='ocrx_word' id='word_1_245' title='bbox 476 3270 594 3311; x_wconf 89' lang='lat' dir='ltr'><strong>rursum</strong></span> <span class='ocrx_word' id='word_1_246' title='bbox 615 3255 756 3333; x_wconf 83' lang='lat' dir='ltr'><strong>virescit,</strong></span> <span class='ocrx_word' id='word_1_247' title='bbox 778 3256 803 3315; x_wconf 83' lang='lat' dir='ltr'><strong>al</strong></span> <span class='ocrx_word' id='word_1_248' title='bbox 824 3260 961 3317; x_wconf 87' lang='lat' dir='ltr'><strong>mortuus</strong></span> <span class='ocrx_word' id='word_1_249' title='bbox 977 3256 1068 3317; x_wconf 83' lang='lat' dir='ltr'><strong>fuerit</strong></span> <span class='ocrx_word' id='word_1_250' title='bbox 1088 3257 1120 3315; x_wconf 92' lang='lat' dir='ltr'><strong>in</strong></span> <span class='ocrx_word' id='word_1_251' title='bbox 1140 3256 1272 3335; x_wconf 81' lang='lat' dir='ltr'><strong>pulvere</strong></span> 
     </span>
     <span class='ocr_line' id='line_1_34' title="bbox 350 3335 1271 3417; baseline 0.009 -25"><span class='ocrx_word' id='word_1_252' title='bbox 350 3338 473 3393; x_wconf 86' lang='lat' dir='ltr'><strong>truncus</strong></span> <span class='ocrx_word' id='word_1_253' title='bbox 496 3335 561 3394; x_wconf 89' lang='lat' dir='ltr'><strong>eius</strong></span> <span class='ocrx_word' id='word_1_254' title='bbox 584 3342 615 3396; x_wconf 85' lang='lat' dir='ltr'><strong>et</strong></span> <span class='ocrx_word' id='word_1_255' title='bbox 636 3335 773 3398; x_wconf 87' lang='lat' dir='ltr'><strong>senuerit</strong></span> <span class='ocrx_word' id='word_1_256' title='bbox 786 3337 874 3399; x_wconf 83' lang='lat' dir='ltr'><strong>radix</strong></span> <span class='ocrx_word' id='word_1_257' title='bbox 896 3339 962 3398; x_wconf 88' lang='lat' dir='ltr'><strong>eiua</strong></span> <span class='ocrx_word' id='word_1_258' title='bbox 982 3340 1124 3417; x_wconf 88' lang='lat' dir='ltr'><strong>interra,</strong></span> <span class='ocrx_word' id='word_1_259' title='bbox 1140 3339 1180 3399; x_wconf 89' lang='lat' dir='ltr'><strong>ad</strong></span> <span class='ocrx_word' id='word_1_260' title='bbox 1196 3339 1271 3401; x_wconf 89' lang='lat' dir='ltr'><strong>odo-</strong></span> 
     </span>
     <span class='ocr_line' id='line_1_35' title="bbox 351 3419 1271 3501; baseline 0.008 -27"><span class='ocrx_word' id='word_1_261' title='bbox 351 3432 416 3475; x_wconf 88' lang='lat' dir='ltr'><strong>rem</strong></span> <span class='ocrx_word' id='word_1_262' title='bbox 438 3434 537 3497; x_wconf 89' lang='lat' dir='ltr'><strong>aquae</strong></span> <span class='ocrx_word' id='word_1_263' title='bbox 558 3420 742 3499; x_wconf 88' lang='lat' dir='ltr'><strong>germinabit</strong></span> <span class='ocrx_word' id='word_1_264' title='bbox 764 3420 909 3481; x_wconf 85' lang='lat' dir='ltr'><strong>etiaciet</strong></span> <span class='ocrx_word' id='word_1_265' title='bbox 929 3419 1065 3498; x_wconf 85' lang='lat' dir='ltr'><strong>comam,</strong></span> <span class='ocrx_word' id='word_1_266' title='bbox 1091 3423 1182 3501; x_wconf 87' lang='lat' dir='ltr'><strong>qnasi</strong></span> <span class='ocrx_word' id='word_1_267' title='bbox 1199 3440 1271 3482; x_wconf 88' lang='lat' dir='ltr'><strong>oum</strong></span> 
     </span>
     <span class='ocr_line' id='line_1_36' title="bbox 350 3500 1272 3585; baseline 0.007 -26"><span class='ocrx_word' id='word_1_268' title='bbox 350 3500 483 3579; x_wconf 85' lang='lat' dir='ltr'><strong>primum</strong></span> <span class='ocrx_word' id='word_1_269' title='bbox 513 3500 684 3581; x_wconf 89' lang='lat' dir='ltr'><strong>plantatum</strong></span> <span class='ocrx_word' id='word_1_270' title='bbox 716 3508 774 3565; x_wconf 88' lang='lat' dir='ltr'><strong>est.</strong></span> <span class='ocrx_word' id='word_1_271' title='bbox 816 3503 1048 3565; x_wconf 84' lang='lat' dir='ltr'><strong>Resuscitabilis</strong></span> <span class='ocrx_word' id='word_1_272' title='bbox 1079 3504 1184 3585; x_wconf 80' lang='lat' dir='ltr'><strong>itaque</strong></span> <span class='ocrx_word' id='word_1_273' title='bbox 1223 3512 1272 3566; x_wconf 85' lang='lat' dir='ltr'><strong>eat</strong></span> 
     </span>
     <span class='ocr_line' id='line_1_37' title="bbox 349 3584 1270 3668; baseline 0.008 -28"><span class='ocrx_word' id='word_1_274' title='bbox 349 3586 476 3661; x_wconf 88' lang='lat' dir='ltr'><strong>natura,</strong></span> <span class='ocrx_word' id='word_1_275' title='bbox 510 3584 567 3644; x_wconf 90' lang='lat' dir='ltr'><strong>nisi</strong></span> <span class='ocrx_word' id='word_1_276' title='bbox 602 3593 735 3665; x_wconf 88' lang='lat' dir='ltr'><strong>ponatur</strong></span> <span class='ocrx_word' id='word_1_277' title='bbox 751 3585 859 3647; x_wconf 67' lang='lat' dir='ltr'><strong>¹obex·</strong></span> <span class='ocrx_word' id='word_1_278' title='bbox 883 3593 914 3647; x_wconf 91' lang='lat' dir='ltr'><strong>et</strong></span> <span class='ocrx_word' id='word_1_279' title='bbox 947 3589 1065 3668; x_wconf 87' lang='lat' dir='ltr'><strong>gratiae</strong></span> <span class='ocrx_word' id='word_1_280' title='bbox 1100 3589 1270 3667; x_wconf 85' lang='lat' dir='ltr'><strong>resistatur,</strong></span> 
     </span>
     <span class='ocr_line' id='line_1_38' title="bbox 350 3665 1270 3751; baseline 0.007 -26"><span class='ocrx_word' id='word_1_281' title='bbox 350 3665 433 3743; x_wconf 89' lang='lat' dir='ltr'><strong>quod</strong></span> <span class='ocrx_word' id='word_1_282' title='bbox 455 3666 571 3727; x_wconf 86' lang='lat' dir='ltr'><strong>iaciunt</strong></span> <span class='ocrx_word' id='word_1_283' title='bbox 590 3668 691 3749; x_wconf 89' lang='lat' dir='ltr'><strong>impii,</strong></span> <span class='ocrx_word' id='word_1_284' title='bbox 715 3670 767 3749; x_wconf 91' lang='lat' dir='ltr'><strong>qni</strong></span> <span class='ocrx_word' id='word_1_285' title='bbox 787 3670 859 3731; x_wconf 85' lang='lat' dir='ltr'><strong>ireti</strong></span> <span class='ocrx_word' id='word_1_286' title='bbox 880 3688 945 3731; x_wconf 82' lang='lat' dir='ltr'><strong>sua·</strong></span> <span class='ocrx_word' id='word_1_287' title='bbox 957 3672 1123 3750; x_wconf 82' lang='lat' dir='ltr'><strong>synteresi,</strong></span> <span class='ocrx_word' id='word_1_288' title='bbox 1145 3676 1177 3730; x_wconf 89' lang='lat' dir='ltr'><strong>et</strong></span> <span class='ocrx_word' id='word_1_289' title='bbox 1194 3690 1270 3751; x_wconf 92' lang='lat' dir='ltr'><strong>prae</strong></span> 
     </span>
     <span class='ocr_line' id='line_1_39' title="bbox 348 3748 1269 3833; baseline 0.004 -23"><span class='ocrx_word' id='word_1_290' title='bbox 348 3748 508 3812; x_wconf 87' lang='lat' dir='ltr'><strong>voluntate</strong></span> <span class='ocrx_word' id='word_1_291' title='bbox 530 3770 567 3811; x_wconf 86' lang='lat' dir='ltr'><strong>ao</strong></span> <span class='ocrx_word' id='word_1_292' title='bbox 588 3752 740 3831; x_wconf 81' lang='lat' dir='ltr'><strong>sapientia</strong></span> <span class='ocrx_word' id='word_1_293' title='bbox 750 3753 876 3833; x_wconf 87' lang='lat' dir='ltr'><strong>propria</strong></span> <span class='ocrx_word' id='word_1_294' title='bbox 892 3753 1003 3815; x_wconf 86' lang='lat' dir='ltr'><strong>uolunt</strong></span> <span class='ocrx_word' id='word_1_295' title='bbox 1012 3753 1191 3831; x_wconf 63' lang='lat' dir='ltr'><strong>sammaa,</strong></span> <span class='ocrx_word' id='word_1_296' title='bbox 1213 3754 1269 3814; x_wconf 89' lang='lat' dir='ltr'><strong>sed</strong></span> 
     </span>
     <span class='ocr_line' id='line_1_40' title="bbox 350 3832 1269 3917; baseline 0.01 -28"><span class='ocrx_word' id='word_1_297' title='bbox 350 3832 416 3890; x_wconf 87' lang='lat' dir='ltr'><strong>sani</strong></span> <span class='ocrx_word' id='word_1_298' title='bbox 439 3832 497 3893; x_wconf 89' lang='lat' dir='ltr'><strong>sibi</strong></span> <span class='ocrx_word' id='word_1_299' title='bbox 518 3833 669 3897; x_wconf 88' lang='lat' dir='ltr'><strong>videntur.</strong></span> <span class='ocrx_word' id='word_1_300' title='bbox 711 3836 808 3917; x_wconf 91' lang='lat' dir='ltr'><strong>Igitur</strong></span> <span class='ocrx_word' id='word_1_301' title='bbox 830 3836 909 3897; x_wconf 87' lang='lat' dir='ltr'><strong>adeo</strong></span> <span class='ocrx_word' id='word_1_302' title='bbox 931 3835 1107 3897; x_wconf 87' lang='lat' dir='ltr'><strong>radicaliter</strong></span> <span class='ocrx_word' id='word_1_303' title='bbox 1119 3836 1179 3897; x_wconf 89' lang='lat' dir='ltr'><strong>ista</strong></span> <span class='ocrx_word' id='word_1_304' title='bbox 1199 3856 1269 3917; x_wconf 91' lang='lat' dir='ltr'><strong>por-</strong></span> 
     </span>
     <span class='ocr_line' id='line_1_41' title="bbox 349 3914 1270 3997; baseline 0.008 -24"><span class='ocrx_word' id='word_1_305' title='bbox 349 3914 394 3973; x_wconf 90' lang='lat' dir='ltr'><strong>tio</strong></span> <span class='ocrx_word' id='word_1_306' title='bbox 417 3916 584 3978; x_wconf 85' lang='lat' dir='ltr'><strong>voluntatis</strong></span> <span class='ocrx_word' id='word_1_307' title='bbox 606 3919 700 3997; x_wconf 88' lang='lat' dir='ltr'><strong>inest,</strong></span> <span class='ocrx_word' id='word_1_308' title='bbox 728 3926 761 3979; x_wconf 89' lang='lat' dir='ltr'><strong>nt</strong></span> <span class='ocrx_word' id='word_1_309' title='bbox 783 3920 877 3979; x_wconf 89' lang='lat' dir='ltr'><strong>etiam</strong></span> <span class='ocrx_word' id='word_1_310' title='bbox 898 3920 930 3978; x_wconf 89' lang='lat' dir='ltr'><strong>in</strong></span> <span class='ocrx_word' id='word_1_311' title='bbox 951 3918 1106 3979; x_wconf 83' lang='lat' dir='ltr'><strong>damnatis</strong></span> <span class='ocrx_word' id='word_1_312' title='bbox 1134 3920 1202 3980; x_wconf 81' lang='lat' dir='ltr'><strong>sola</strong></span> <span class='ocrx_word' id='word_1_313' title='bbox 1229 3920 1270 3981; x_wconf 90' lang='lat' dir='ltr'><strong>sit</strong></span> 
     </span>
     <span class='ocr_line' id='line_1_42' title="bbox 348 4001 1270 4083; baseline 0.009 -26"><span class='ocrx_word' id='word_1_314' title='bbox 348 4016 443 4058; x_wconf 86' lang='lat' dir='ltr'><strong>causa</strong></span> <span class='ocrx_word' id='word_1_315' title='bbox 469 4001 563 4061; x_wconf 85' lang='lat' dir='ltr'><strong>totins</strong></span> <span class='ocrx_word' id='word_1_316' title='bbox 594 4018 677 4082; x_wconf 87' lang='lat' dir='ltr'><strong>pene</strong></span> <span class='ocrx_word' id='word_1_317' title='bbox 701 4002 827 4083; x_wconf 79' lang='lat' dir='ltr'><strong>inferni,</strong></span> <span class='ocrx_word' id='word_1_318' title='bbox 865 4001 948 4082; x_wconf 92' lang='lat' dir='ltr'><strong>quod</strong></span> <span class='ocrx_word' id='word_1_319' title='bbox 977 4001 1087 4064; x_wconf 85' lang='lat' dir='ltr'><strong>nolunt</strong></span> <span class='ocrx_word' id='word_1_320' title='bbox 1118 4018 1206 4083; x_wconf 82' lang='lat' dir='ltr'><strong>eum,</strong></span> <span class='ocrx_word' id='word_1_321' title='bbox 1237 4011 1270 4065; x_wconf 80' lang='lat' dir='ltr'><strong>ct</strong></span> 
     </span>
    </p>
   </div>
   <div class='ocr_carea' id='block_1_13' title="bbox 0 0 1542 4750">
    <p class='ocr_par' dir='ltr' id='par_1_13' title="bbox 0 0 1542 4750">
     <span class='ocr_line' id='line_1_43' title="bbox 0 0 1542 4750; baseline 0 2"><span class='ocrx_word' id='word_1_322' title='bbox 0 0 1542 4750; x_wconf 95' lang='lat' dir='ltr'><strong> </strong></span> 
     </span>
    </p>
   </div>
  </div>
 </body>
</html>
