3075 4750
579 527 581 534 .
601 493 626 533 a.
644 478 715 536 1515
736 477 834 533 habiti.
1141 471 1183 542 73

271 647 318 710 los
341 647 523 725 salvabiles,
552 667 613 710 non
638 649 755 709 timent.
797 647 871 708 ideo
892 647 968 707 dnre
993 654 1100 708 contra
1129 667 1184 709 eos

159 749 162 756 ⁴
264 732 398 793 Rom.2
434 732 587 792 invehitur
623 733 799 812 apostolus:
856 731 902 791 Tu
935 738 1036 792 autem
1077 749 1183 791 secun-

267 815 338 875 dum
364 814 506 874 duritiam
535 821 617 875 tuam
648 821 680 875 et
699 816 904 896 impoenitens
925 833 980 875 eor
1001 813 1186 874 thesaurizas

267 899 318 958 tibi
344 899 421 958 iram
445 899 476 957 in
500 897 579 958 diem
602 899 665 958 irae
687 905 745 958 eto.
790 899 831 958 At
853 897 944 976 dicis,
976 900 1038 958 iam
1064 899 1187 977 saepius

266 981 370 1041 audivi
393 1000 413 1041 a
434 987 465 1041 te
487 980 566 1059 dici,
600 981 682 1062 quod
712 981 848 1041 infernus
873 999 935 1042 non
965 982 1005 1041 sit
1025 980 1187 1059 timendus,

267 1083 324 1125 uec
347 1065 433 1124 Deus
455 1071 580 1144 propter
600 1065 765 1139 infernum,
794 1065 898 1143 etqui
920 1065 1007 1125 timet
1026 1065 1187 1142 infernum,

264 1147 442 1208 descendet
463 1148 493 1206 in
522 1165 601 1207 eum.
644 1147 848 1228 Respondeo,
882 1147 945 1207 dixi
975 1149 1067 1207 etiarn
1088 1149 1186 1208 Deum

264 1229 457 1310 diligendum
480 1249 572 1310 super
602 1231 720 1308 omnia,
755 1233 942 1310 castitatem,
975 1230 1187 1309 humilitatem,

267 1313 468 1374 dilectionem
490 1315 623 1393 proximi
647 1321 677 1374 et
699 1321 802 1374 cetera
821 1313 979 1390 habenda,
1001 1321 1032 1374 ct
1053 1315 1119 1373 sine
1140 1313 1187 1374 his
1264 1316 1273 1322 ’

267 1397 382 1456 salvari
405 1397 559 1456 neminem
588 1415 696 1477 posse,
733 1404 764 1456 et
797 1405 899 1457 tamen
926 1399 1079 1457 neminem
1109 1416 1187 1475 esse,

267 1481 317 1559 qui
341 1480 421 1538 haec
442 1479 555 1539 habeat
577 1499 615 1539 eo
646 1479 757 1557 modo,
795 1499 856 1560 quo
887 1480 926 1539 ad
956 1479 1084 1540 salutem
1108 1479 1187 1538 suffi-

265 1565 346 1622 ciant
359 1561 414 1638 i⁸),
448 1561 502 1622 sed
531 1570 749 1642 exspectantur
777 1565 808 1623 in
837 1563 937 1623 futuro
958 1583 1014 1643 per
1035 1562 1188 1623 Christum

270 1645 427 1706 donanda.
471 1645 516 1705 lta
547 1646 614 1705 sine
645 1646 753 1705 timore
780 1647 890 1706 inferni
919 1645 1020 1705 nullus
1052 1652 1100 1705 est
1130 1663 1188 1705 nec

268 1747 336 1788 esse
361 1727 471 1804 dehet,
505 1729 563 1788 nisi
585 1730 625 1788 sit
645 1729 893 1808 perfectissimus.
936 1729 1011 1790 Ideo
1039 1730 1187 1788 iustorum

267 1813 359 1871 timor
392 1829 515 1890 semper
544 1818 591 1870 est
618 1813 730 1872 mixtus
760 1813 871 1873 timore
892 1819 999 1872 sancto
1022 1819 1053 1871 et
1075 1811 1187 1888 servili,

267 1895 320 1954 sed
343 1891 511 1974 proficiunt
533 1894 571 1953 de
594 1895 696 1954 servili
718 1915 841 1975 semper
860 1896 958 1976 magis
970 1896 1130 1975 magisque
1148 1894 1187 1954 ad

267 1984 424 2053 sanctum,
453 1976 554 2036 donec
577 1976 652 2036 nihil
675 1979 732 2037 nisi
755 1979 853 2038 Deum
877 1981 1012 2038 timeant.
1056 1978 1134 2038 Nam
1157 1984 1188 2037 et

268 2061 328 2120 hoc
350 2060 425 2121 loco
446 2059 535 2119 istam
559 2059 787 2121 distinctionem
810 2062 895 2121 multi
917 2063 994 2122 salse.
1006 2061 1188 2140 intelligunt.

269 2145 367 2204 Recto
379 2142 575 2222 distinguitur
595 2144 687 2204 timor
704 2144 823 2204 servilis
845 2151 877 2204 et
896 2144 1013 2220 filialis,
1036 2143 1090 2205 sed
1112 2144 1189 2204 false

270 2226 467 2306 intelligitur,
502 2224 586 2304 quod
615 2226 733 2286 servilis
756 2245 817 2288 non
841 2234 901 2287 stet
921 2229 952 2287 in
974 2228 1099 2288 homine
1121 2245 1189 2289 cum

269 2311 397 2368 caritate
431 2314 463 2368 et
495 2310 602 2389 gratia.
646 2309 753 2389 Neque
785 2310 856 2371 ideo
889 2312 956 2391 quis
988 2309 1190 2388 damnabitur,

268 2395 337 2472 quia
358 2392 511 2451 infernum
532 2394 635 2467 timet,
651 2411 760 2453 nemo
792 2394 853 2454 hoc
875 2394 987 2453 doceat
1007 2399 1060 2452 ant
1080 2392 1189 2452 intelli-

268 2484 319 2556 gat
340 2474 543 2554 impudenter.
587 2476 665 2535 Nam
692 2480 705 2537 l
725 2476 796 2537 Joh.
814 2478 833 2538 4
856 2496 917 2538 non
939 2477 992 2552 ait,
1014 2476 1124 2535 caritas
1144 2474 1188 2535 lo-

266 2578 317 2618 rus
340 2558 433 2617 mittit
454 2557 607 2636 timorem,
629 2558 685 2618 sed
706 2560 763 2637 ait,
786 2561 923 2639 perlecta
944 2560 1065 2635 caritas,
1088 2564 1120 2617 et
1135 2558 1188 2618 ite-

269 2661 351 2717 rum,
373 2640 424 2720 qui
447 2641 547 2716 timet,
570 2660 633 2701 non
657 2647 705 2701 est
725 2642 879 2721 perfectus
905 2643 935 2701 in
958 2642 1099 2717 caritate,
1125 2659 1189 2701 non

271 2726 326 2801 ait,
355 2741 419 2783 non
443 2729 491 2783 est
511 2724 541 2783 in
565 2724 718 2784 caritate«
743 2724 821 2784 Nam
855 2726 966 2784 caritas
988 2725 1136 2804 incipiens
1159 2730 1191 2784 et

269 2810 365 2867 timor
392 2825 522 2885 magnus
545 2806 664 2867 servilis
687 2808 778 2867 simul
799 2814 878 2887 stat,
912 2808 1063 2867 decrescit
1085 2813 1188 2867 autem

269 2892 370 2967 timor,
392 2894 539 2969 quantum
563 2891 712 2949 accrescit
723 2891 842 2951 comtes.
884 2891 964 2950 Nam
987 2891 1066 2949 sicut
1087 2897 1135 2949 est
1149 2890 1188 2952 de

269 2973 410 3033 omnibus
434 2971 610 3049 virtutibus,
637 2972 720 3051 quod
742 2974 831 3032 simul
852 2981 923 3033 sunt
943 2992 1012 3032 cum
1035 2991 1091 3032 suo
1114 2972 1188 3033 vitio

268 3056 440 3131 contrario,
463 3054 564 3133 donec
585 3054 640 3115 illo
664 3064 841 3137 expugnato
864 3056 950 3116 solae
971 3062 1115 3136 regnent:
1146 3057 1191 3117 ita

268 3140 359 3199 timor
370 3138 428 3197 Dei
443 3144 545 3202 castus
563 3147 595 3197 et
607 3157 669 3197 non
687 3147 789 3198 castus
811 3138 901 3198 simul
923 3148 994 3204 sunt
1013 3141 1045 3198 in
1068 3138 1189 3218 eodem,

269 3224 318 3301 qui
339 3220 478 3281 nondum
501 3227 549 3279 est
563 3220 726 3299 perfectus.
768 3221 821 3283 Sic
841 3222 922 3282 enim
944 3241 1015 3302 spes
1038 3228 1190 3296 statuum

268 3303 486 3384 trepidatione,
508 3302 585 3363 fides
608 3322 676 3363 oum
690 3304 897 3383 vacillatione,
920 3307 1053 3365 maxime
1073 3306 1104 3364 in
1126 3312 1189 3365 ten-

269 3390 405 3463 tatione,
438 3386 586 3465 patientia
614 3404 681 3446 cum
712 3388 862 3467 clamore,
896 3389 1010 3447 mititas
1044 3408 1114 3448 cnm
1134 3389 1189 3465 ira,

269 3471 396 3530 castitas
420 3488 488 3528 cum
511 3468 652 3547 libidine,
684 3469 837 3530 humilitas
865 3488 934 3531 cum
956 3470 1189 3551 suiplacentia,

268 3552 447 3614 obedientia
478 3570 546 3611 oum
569 3543 735 3630 murmuro,
768 3553 936 3614 liberalitas
961 3574 1029 3614 cum
1052 3551 1189 3628 avaritia,

268 3636 423 3716 sapientia
442 3652 510 3693 cum
533 3634 672 3712 stultitia,
690 3635 839 3697 fortitudo
862 3656 931 3696 cum
945 3636 1107 3697 timiditate
1129 3638 1187 3693 etc.

268 3721 361 3779 timor
390 3724 613 3793 sanctusoum
643 3718 752 3779 timore
780 3720 899 3797 servili,
931 3720 1090 3799 gratiaque
1117 3732 1187 3773 cum

268 3809 412 3887 peccato.
455 3800 534 3859 Nam
567 3808 598 3859 et
624 3802 654 3859 in
684 3801 903 3863 mutationibus
930 3798 1117 3861 naturalibus
1144 3798 1189 3857 ita

321 3980 352 4039 ⁸)
374 3977 459 4031 Olera
476 3977 598 4029 veritatis
618 3978 763 4030 corrlessio.
