3075 4750
335 417 397 487 184
661 419 810 474 Sermom
828 416 938 472 Lutlreri
1011 405 1016 416 “

335 608 432 670 reque
466 595 640 669 agnoscunt
674 588 832 669 eulpam„
854 593 886 648 et
906 587 974 648 Deo
1008 584 1196 648 confitentur
1226 585 1256 644 in

334 672 445 734 corde:
484 670 595 733 deinde
633 692 689 753 per
723 672 770 731 sui
804 670 1041 731 detestationem
1073 670 1155 729 intus
1190 686 1258 729 sese
1313 725 1317 728 a

333 756 455 817 mordet
475 762 507 816 et
532 756 636 835 punit,
672 754 743 815 ideo
771 754 885 815 ibidem
906 754 973 814 Deo
996 752 1153 814 satisfacit.
1193 752 1257 811 lmo

340 858 414 899 vere
435 840 598 918 poenitens
619 837 723 915 vellet,
745 838 771 896 si
788 837 854 897 fieri
870 842 986 917 posset,
1007 842 1041 897 ut
1057 836 1158 897 omnis
1177 854 1259 895 crea
1372 860 1373 913 3

271 925 275 933 '
338 927 408 981 tura
428 940 515 980 suum
537 929 696 1002 peccatum
717 920 836 981 videret
857 926 888 980 et
908 920 1039 999 odisset,
1073 926 1105 979 et
1134 925 1260 999 paratus
1372 930 1373 1003 3

340 1011 388 1064 est
409 1004 449 1064 ab
471 1003 612 1065 omuibus
634 1004 819 1065 conculcari.
861 1003 931 1063 Non
960 1004 1078 1083 quaerit
1099 1002 1260 1083 indulgen·
1372 1024 1373 1063 r

259 1088 265 1094 ’
338 1088 396 1147 tias
419 1095 449 1147 ct
471 1088 670 1148 remissiones
691 1104 876 1167 poenarum,
905 1085 960 1146 sed
982 1087 1164 1147 exactiones
1186 1104 1260 1166 poe-

339 1186 456 1230 narum.
500 1170 589 1231 Unde
612 1170 726 1250 duplex
747 1176 795 1230 est
823 1170 964 1230 contritio
993 1188 1048 1229 seu
1069 1169 1263 1249 poenitentia

339 1253 487 1330 interior,
522 1272 584 1313 una
619 1254 735 1313 scilicet
761 1251 850 1330 ficta,
889 1270 967 1330 quae
1004 1260 1134 1313 vocatur
1166 1251 1269 1333 vulgo*

340 1336 529 1415 &attentata
551 1334 634 1416 quod
649 1331 739 1395 facile
760 1334 880 1395 videtur
900 1336 930 1394 in
954 1336 1001 1413 iis,
1024 1336 1074 1414 qui
1096 1335 1199 1395 statim
1218 1354 1263 1393 re-

341 1418 477 1479 cidivant
502 1425 534 1479 et
568 1420 689 1499 saepius
721 1419 765 1477 ita
795 1424 894 1477 ruunt.
936 1418 975 1477 Hi
1007 1420 1052 1477 sic
1081 1418 1188 1478 dolent
1225 1416 1264 1478 de

342 1507 484 1581 peccato,
507 1502 590 1581 quod
610 1503 680 1582 plus
700 1502 739 1562 de
755 1502 1005 1581 poenapeccati:
1029 1508 1060 1562 et
1081 1500 1157 1561 nihil
1179 1500 1265 1560 aliud

343 1584 489 1665 displicet
515 1603 605 1664 quam
628 1584 823 1664 displicentia
844 1584 903 1643 Dei
924 1583 955 1645 in
982 1590 1126 1664 peccato:
1158 1582 1266 1643 mallet

340 1668 423 1727 anim
453 1675 486 1727 ut
514 1674 674 1746 peccatum
696 1667 835 1747 placeret
855 1667 938 1742 Deo,
971 1673 1002 1726 et
1030 1668 1075 1727 sic
1095 1667 1195 1731 Deum
1221 1668 1265 1727 in·

337 1752 449 1809 iustum
472 1756 568 1830 optat,
609 1750 695 1812 Haec
716 1768 764 1809 res
786 1750 1018 1829 perversissima
1040 1757 1101 1818 est,
1130 1748 1184 1809 scd
1208 1749 1265 1809 ire-

340 1833 548 1912 quentissima
571 1834 643 1912 quia
663 1834 773 1894 timore
795 1850 918 1911 poenae
940 1840 971 1893 et
990 1852 1096 1894 amore
1114 1834 1161 1894 sui
1181 1832 1266 1893 iusti·
1372 1906 1373 1913 ἵ

339 1918 413 1995 dam
435 1916 494 1975 Dei
515 1916 581 1976 odit
601 1923 632 1975 et
653 1935 739 1974 suam
767 1916 959 1993 iniquitatem
988 1914 1101 1995 diligit,
1129 1934 1267 1995 poenam

340 2000 422 2058 enim
444 1996 518 2058 odit.
549 1998 621 2058 Alia
642 2005 690 2057 est
709 2016 793 2074 vera,
816 1997 855 2057 de
875 2017 936 2076 qua
957 1997 1030 2074 dixi,
1053 1996 1135 2078 quod
1159 2017 1269 2058 amore

339 2081 475 2141 institiae
508 2088 539 2140 et
571 2100 740 2161 poenarum
778 2080 842 2141 odit
868 2087 1044 2160 peccatum,
1080 2082 1151 2161 quia
1183 2082 1270 2161 cupit

342 2164 449 2223 ulcisci
472 2165 616 2225 iustitiam
638 2165 764 2224 laesam.
810 2163 882 2223 ldeo
915 2183 977 2225 non
1009 2165 1086 2243 petit
1105 2162 1270 2245 indulgen·
1372 2200 1373 2247 ÷

340 2248 410 2325 tias,
443 2246 496 2307 sed
520 2266 642 2307 cruces:
680 2248 759 2307 sicut
786 2246 895 2326 legitur
925 2248 955 2306 in
983 2247 1086 2307 multis
1113 2246 1268 2327 legendis,

341 2337 376 2390 ut
395 2329 433 2391 de
455 2330 486 2392 Β.
508 2330 618 2409 Paula,
649 2350 739 2410 quam
763 2327 794 2392 S.
817 2328 1022 2411 Hieronymus
1050 2329 1207 2412 prohibuit
1225 2349 1270 2390 ne

342 2413 441 2492 fleret,
463 2420 495 2476 et
515 2420 549 2474 ut
570 2416 670 2474 mitius
693 2433 727 2474 se
749 2413 929 2493 castigaret,
963 2413 1024 2474 illa.
1044 2413 1144 2474 noluit
1173 2413 1268 2474 etiam

339 2511 415 2556 cnm
438 2496 601 2577 dispendio
624 2498 730 2556 salutis
752 2496 931 2575 corporalis.

425 2579 538 2639 Videte
558 2581 680 2658 itaque,
712 2597 804 2658 quam
835 2579 1010 2658 periculosa
1036 2599 1085 2638 res
1110 2580 1149 2640 sit
1169 2579 1269 2639 indul-

344 2663 516 2742 gentiarum
536 2663 742 2742 praedicatim
773 2679 852 2740 quae
877 2663 1017 2740 praecisa
1046 2663 1144 2742 gratia
1164 2662 1270 2740 docet,

345 2744 463 2804 scilicet
480 2745 586 2824 fugere
598 2745 839 2806 satisfactionem
857 2751 888 2804 et
902 2763 1046 2824 poenam,
1058 2746 1101 2804 ita
1112 2753 1145 2805 ut
1160 2764 1269 2825 opera-

346 2827 389 2886 tio
413 2829 522 2888 erroris
544 2846 614 2887 esse
635 2827 772 2888 timenda
801 2827 854 2905 sit,
877 2845 969 2906 quam
997 2828 1157 2907 apostolus
1180 2847 1268 2907 prae-

345 2909 475 2987 dixit.*)
520 2907 589 2984 Qua
609 2912 689 2970 enim
704 2909 851 2970 facilitate
870 2910 958 2970 simul
979 2918 1009 2970 et
1022 2911 1117 2970 semel
1136 2917 1269 2990 possunt

345 2992 516 3070 praedicari
538 2995 681 3054 contritio
703 3011 777 3052 veru
799 3000 831 3052 et
852 2997 912 3052 tam
936 2993 1034 3053 facilis
1053 2994 1200 3074 largaque
1221 2995 1267 3054 in-

333 3074 523 3155 dulgentia?
560 3093 628 3135 cum
659 3095 733 3136 vera
753 3076 896 3136 contritio
918 3075 1047 3156 rigidam
1071 3077 1268 3138 exactionem

346 3160 458 3238 cupiat,
480 3165 512 3218 et
531 3157 586 3218 illa
608 3160 697 3218 nimis
722 3157 814 3220 laxet.
849 3158 897 3217 An
920 3159 1150 3236 excusabimus,
1182 3159 1269 3238 quod

346 3241 386 3300 de
416 3241 600 3302 contritione
633 3242 837 3321 perfectorum
865 3243 926 3300 ista
953 3241 1155 3323 intelligenda
1183 3243 1271 3302 sint?

347 3324 395 3383 Ac
420 3325 465 3384 sic
489 3341 552 3383 non
582 3343 652 3384 esse
678 3324 904 3401 necessarium,
927 3324 1067 3385 homines
1089 3325 1127 3385 ad
1173 3325 1270 3386 erfec-

345 3415 407 3465 tam
430 3407 551 3467 ducere.
595 3408 637 3467 At
656 3426 710 3467 cur
740 3425 814 3487 ergo
838 3408 1014 3468 meretrices
1052 3413 1084 3468 et
1111 3345 1270 3486 publicani

345 3490 494 3570 incipiunt
514 3487 553 3549 ab
574 3491 633 3552 hac
660 3489 866 3550 contritione?
899 3491 963 3550 lmo
994 3489 1033 3550 ad
1054 3490 1136 3550 hanc
1156 3509 1270 3552 omnes
1372 3549 1373 3552 ,

346 3580 417 3634 sunt
437 3569 628 3633 exhortandi.

403 3825 433 3891 ⁸)
457 3825 617 3893 Prophetica
642 3839 698 3877 vox
723 3823 835 3877 Lutheri
849 3823 892 3877 de
915 3825 1084 3880 revelatione
1112 3827 1269 3880 antichristi

347 3909 397 3963 per
412 3897 607 3966 indulgentias,
