<?xml version="1.0" encoding="UTF-8"?>
<!DOCTYPE html PUBLIC "-//W3C//DTD XHTML 1.0 Transitional//EN"
    "http://www.w3.org/TR/xhtml1/DTD/xhtml1-transitional.dtd">
<html xmlns="http://www.w3.org/1999/xhtml" xml:lang="en" lang="en">
 <head>
  <title>
</title>
<meta http-equiv="Content-Type" content="text/html;charset=utf-8" />
  <meta name='ocr-system' content='tesseract 3.04.00' />
  <meta name='ocr-capabilities' content='ocr_page ocr_carea ocr_par ocr_line ocrx_word'/>
</head>
<body>
  <div class='ocr_page' id='page_1' title='image "./operalatinavari01schmgoog_0108.png"; bbox 0 0 3075 4750; ppageno 0'>
   <div class='ocr_carea' id='block_1_1' title="bbox 362 485 962 560">
    <p class='ocr_par' dir='ltr' id='par_1_1' title="bbox 362 485 962 560">
     <span class='ocr_line' id='line_1_1' title="bbox 362 485 962 560; baseline -0.002 -15"><span class='ocrx_word' id='word_1_1' title='bbox 362 488 427 560; x_wconf 70' lang='lat' dir='ltr'>ooo</span> <span class='ocrx_word' id='word_1_2' title='bbox 683 485 962 546; x_wconf 58' lang='lat' dir='ltr'>ammineum</span> 
     </span>
    </p>
   </div>
   <div class='ocr_carea' id='block_1_2' title="bbox 161 655 1378 3811">
    <p class='ocr_par' dir='ltr' id='par_1_2' title="bbox 365 655 1289 1157">
     <span class='ocr_line' id='line_1_2' title="bbox 366 655 1286 742; baseline -0.002 -20"><span class='ocrx_word' id='word_1_3' title='bbox 366 659 585 742; x_wconf 74' lang='lat' dir='ltr'>nis‘operibue</span> <span class='ocrx_word' id='word_1_4' title='bbox 603 665 783 740; x_wconf 79' lang='lat' dir='ltr'>appareant,</span> <span class='ocrx_word' id='word_1_5' title='bbox 805 660 965 739; x_wconf 77' lang='lat' dir='ltr'>quonmdo</span> <span class='ocrx_word' id='word_1_6' title='bbox 985 657 1033 720; x_wconf 78' lang='lat' dir='ltr'>crr&#39;</span> <span class='ocrx_word' id='word_1_7' title='bbox 1047 661 1191 742; x_wconf 78' lang='lat' dir='ltr'>operibus</span> <span class='ocrx_word' id='word_1_8' title='bbox 1217 655 1286 742; x_wconf 66' lang='lat' dir='ltr'>poe</span> 
     </span>
     <span class='ocr_line' id='line_1_3' title="bbox 366 743 1286 824; baseline -0.003 -19"><span class='ocrx_word' id='word_1_9' title='bbox 366 746 428 805; x_wconf 89' lang='lat' dir='ltr'>sint</span> <span class='ocrx_word' id='word_1_10' title='bbox 449 743 607 824; x_wconf 84' lang='lat' dir='ltr'>cognocci,</span> <span class='ocrx_word' id='word_1_11' title='bbox 629 753 665 802; x_wconf 90' lang='lat' dir='ltr'>ut</span> <span class='ocrx_word' id='word_1_12' title='bbox 684 743 832 802; x_wconf 76' lang='lat' dir='ltr'>baeretici</span> <span class='ocrx_word' id='word_1_13' title='bbox 853 751 884 804; x_wconf 87' lang='lat' dir='ltr'>et</span> <span class='ocrx_word' id='word_1_14' title='bbox 904 744 1093 805; x_wconf 74' lang='lat' dir='ltr'>schismatici</span> <span class='ocrx_word' id='word_1_15' title='bbox 1121 744 1286 806; x_wconf 80' lang='lat' dir='ltr'>observan-</span> 
     </span>
     <span class='ocr_line' id='line_1_4' title="bbox 367 826 1287 905; baseline -0.003 -16"><span class='ocrx_word' id='word_1_16' title='bbox 367 835 414 889; x_wconf 88' lang='lat' dir='ltr'>tes</span> <span class='ocrx_word' id='word_1_17' title='bbox 433 837 505 887; x_wconf 87' lang='lat' dir='ltr'>sunt</span> <span class='ocrx_word' id='word_1_18' title='bbox 525 843 706 905; x_wconf 87' lang='lat' dir='ltr'>magnorum</span> <span class='ocrx_word' id='word_1_19' title='bbox 728 845 857 905; x_wconf 87' lang='lat' dir='ltr'>operum</span> <span class='ocrx_word' id='word_1_20' title='bbox 885 834 916 886; x_wconf 89' lang='lat' dir='ltr'>et</span> <span class='ocrx_word' id='word_1_21' title='bbox 936 826 1028 887; x_wconf 86' lang='lat' dir='ltr'>velde</span> <span class='ocrx_word' id='word_1_22' title='bbox 1046 826 1208 888; x_wconf 87' lang='lat' dir='ltr'>bonorum.</span> <span class='ocrx_word' id='word_1_23' title='bbox 1231 827 1287 886; x_wconf 82' lang='lat' dir='ltr'>Re</span> 
     </span>
     <span class='ocr_line' id='line_1_5' title="bbox 366 909 1287 990; baseline -0.002 -20"><span class='ocrx_word' id='word_1_24' title='bbox 366 909 552 990; x_wconf 75' lang='lat' dir='ltr'>spondetur,</span> <span class='ocrx_word' id='word_1_25' title='bbox 587 909 672 987; x_wconf 84' lang='lat' dir='ltr'>quod</span> <span class='ocrx_word' id='word_1_26' title='bbox 692 909 829 988; x_wconf 77' lang='lat' dir='ltr'>duplicia</span> <span class='ocrx_word' id='word_1_27' title='bbox 848 917 926 969; x_wconf 80' lang='lat' dir='ltr'>sunt</span> <span class='ocrx_word' id='word_1_28' title='bbox 944 927 1048 989; x_wconf 73' lang='lat' dir='ltr'>opertu</span> <span class='ocrx_word' id='word_1_29' title='bbox 1064 909 1166 987; x_wconf 80' lang='lat' dir='ltr'>bona,</span> <span class='ocrx_word' id='word_1_30' title='bbox 1194 929 1287 989; x_wconf 87' lang='lat' dir='ltr'>appa-</span> 
     </span>
     <span class='ocr_line' id='line_1_6' title="bbox 365 991 1288 1073; baseline 0 -21"><span class='ocrx_word' id='word_1_31' title='bbox 365 1000 485 1070; x_wconf 89' lang='lat' dir='ltr'>renter,</span> <span class='ocrx_word' id='word_1_32' title='bbox 520 999 553 1051; x_wconf 91' lang='lat' dir='ltr'>ut</span> <span class='ocrx_word' id='word_1_33' title='bbox 582 993 655 1052; x_wconf 79' lang='lat' dir='ltr'>crint</span> <span class='ocrx_word' id='word_1_34' title='bbox 675 993 804 1066; x_wconf 88' lang='lat' dir='ltr'>multum</span> <span class='ocrx_word' id='word_1_35' title='bbox 824 993 984 1070; x_wconf 73' lang='lat' dir='ltr'>ieiunare,</span> <span class='ocrx_word' id='word_1_36' title='bbox 1016 991 1288 1073; x_wconf 51' lang='lat' dir='ltr'>orereptstudere,</span> 
     </span>
     <span class='ocr_line' id='line_1_7' title="bbox 367 1075 1289 1157; baseline -0.004 -19"><span class='ocrx_word' id='word_1_37' title='bbox 367 1075 556 1154; x_wconf 76' lang='lat' dir='ltr'>praedicare,</span> <span class='ocrx_word' id='word_1_38' title='bbox 577 1076 716 1157; x_wconf 74' lang='lat' dir='ltr'>vigilpre,</span> <span class='ocrx_word' id='word_1_39' title='bbox 739 1075 876 1136; x_wconf 77' lang='lat' dir='ltr'>hobitum</span> <span class='ocrx_word' id='word_1_40' title='bbox 890 1075 1037 1136; x_wconf 86' lang='lat' dir='ltr'>humilem</span> <span class='ocrx_word' id='word_1_41' title='bbox 1057 1084 1192 1156; x_wconf 82' lang='lat' dir='ltr'>portare,</span> <span class='ocrx_word' id='word_1_42' title='bbox 1212 1076 1289 1134; x_wconf 83' lang='lat' dir='ltr'>haee</span> 
     </span>
    </p>

    <p class='ocr_par' dir='ltr' id='par_1_3' title="bbox 323 1158 1376 3480">
     <span class='ocr_line' id='line_1_8' title="bbox 367 1158 1376 1243; baseline 0 -26"><span class='ocrx_word' id='word_1_43' title='bbox 367 1176 440 1218; x_wconf 85' lang='lat' dir='ltr'>non·</span> <span class='ocrx_word' id='word_1_44' title='bbox 452 1165 524 1218; x_wconf 86' lang='lat' dir='ltr'>sunt</span> <span class='ocrx_word' id='word_1_45' title='bbox 545 1159 604 1217; x_wconf 89' lang='lat' dir='ltr'>uisi</span> <span class='ocrx_word' id='word_1_46' title='bbox 618 1158 698 1217; x_wconf 85' lang='lat' dir='ltr'>lana</span> <span class='ocrx_word' id='word_1_47' title='bbox 717 1159 833 1236; x_wconf 86' lang='lat' dir='ltr'>ovium,</span> <span class='ocrx_word' id='word_1_48' title='bbox 856 1159 913 1218; x_wconf 89' lang='lat' dir='ltr'>sub</span> <span class='ocrx_word' id='word_1_49' title='bbox 936 1159 1059 1237; x_wconf 61' lang='lat' dir='ltr'>quibus‘</span> <span class='ocrx_word' id='word_1_50' title='bbox 1074 1159 1137 1243; x_wconf 86' lang='lat' dir='ltr'>lupi</span> <span class='ocrx_word' id='word_1_51' title='bbox 1160 1175 1289 1238; x_wconf 83' lang='lat' dir='ltr'>rapaces</span> <span class='ocrx_word' id='word_1_52' title='bbox 1375 1159 1376 1164; x_wconf 75' lang='grc'>’</span> 
     </span>
     <span class='ocr_line' id='line_1_9' title="bbox 367 1241 1289 1320; baseline 0.003 -20"><span class='ocrx_word' id='word_1_53' title='bbox 367 1248 526 1320; x_wconf 85' lang='lat' dir='ltr'>teguntur:</span> <span class='ocrx_word' id='word_1_54' title='bbox 561 1242 607 1299; x_wconf 89' lang='lat' dir='ltr'>sie</span> <span class='ocrx_word' id='word_1_55' title='bbox 633 1249 665 1300; x_wconf 87' lang='lat' dir='ltr'>et</span> <span class='ocrx_word' id='word_1_56' title='bbox 693 1241 786 1320; x_wconf 87' lang='lat' dir='ltr'>vulgo</span> <span class='ocrx_word' id='word_1_57' title='bbox 809 1241 933 1318; x_wconf 76' lang='lat' dir='ltr'>urcino,</span> <span class='ocrx_word' id='word_1_58' title='bbox 949 1259 1026 1304; x_wconf 75' lang='lat' dir='ltr'>,non</span> <span class='ocrx_word' id='word_1_59' title='bbox 1049 1241 1195 1302; x_wconf 67' lang='lat' dir='ltr'>esculis·</span> <span class='ocrx_word' id='word_1_60' title='bbox 1212 1243 1289 1320; x_wconf 73' lang='lat' dir='ltr'>onis,</span> 
     </span>
     <span class='ocr_line' id='line_1_10' title="bbox 367 1323 1289 1405; baseline 0.002 -23"><span class='ocrx_word' id='word_1_61' title='bbox 367 1325 490 1402; x_wconf 80' lang='lat' dir='ltr'>qualem</span> <span class='ocrx_word' id='word_1_62' title='bbox 511 1325 594 1404; x_wconf 90' lang='lat' dir='ltr'>geris</span> <span class='ocrx_word' id='word_1_63' title='bbox 616 1325 730 1404; x_wconf 83' lang='lat' dir='ltr'>lanam,</span> <span class='ocrx_word' id='word_1_64' title='bbox 753 1323 837 1402; x_wconf 86' lang='lat' dir='ltr'>quod</span> <span class='ocrx_word' id='word_1_65' title='bbox 871 1326 975 1402; x_wconf 88' lang='lat' dir='ltr'>utique</span> <span class='ocrx_word' id='word_1_66' title='bbox 1004 1325 1046 1384; x_wconf 85' lang='lat' dir='ltr'>de</span> <span class='ocrx_word' id='word_1_67' title='bbox 1066 1323 1222 1405; x_wconf 85' lang='lat' dir='ltr'>operibus·</span> <span class='ocrx_word' id='word_1_68' title='bbox 1241 1327 1289 1384; x_wconf 73' lang='lat' dir='ltr'>in-</span> 
     </span>
     <span class='ocr_line' id='line_1_11' title="bbox 366 1405 1289 1488; baseline 0.001 -22"><span class='ocrx_word' id='word_1_69' title='bbox 366 1405 512 1486; x_wconf 88' lang='lat' dir='ltr'>telligunt</span> <span class='ocrx_word' id='word_1_70' title='bbox 551 1406 701 1467; x_wconf 78' lang='lat' dir='ltr'>simulatis</span> <span class='ocrx_word' id='word_1_71' title='bbox 742 1415 774 1466; x_wconf 86' lang='lat' dir='ltr'>et</span> <span class='ocrx_word' id='word_1_72' title='bbox 809 1407 909 1470; x_wconf 89' lang='lat' dir='ltr'>bonis.</span> <span class='ocrx_word' id='word_1_73' title='bbox 973 1407 1112 1488; x_wconf 82' lang='lat' dir='ltr'>ldeoque</span> <span class='ocrx_word' id='word_1_74' title='bbox 1149 1409 1289 1488; x_wconf 69' lang='lat' dir='ltr'>quaestio</span> 
     </span>
     <span class='ocr_line' id='line_1_12' title="bbox 368 1487 1290 1571; baseline 0.001 -22"><span class='ocrx_word' id='word_1_75' title='bbox 368 1488 512 1567; x_wconf 82' lang='lat' dir='ltr'>difficilis,</span> <span class='ocrx_word' id='word_1_76' title='bbox 534 1489 608 1568; x_wconf 81' lang='lat' dir='ltr'>quid</span> <span class='ocrx_word' id='word_1_77' title='bbox 628 1487 685 1550; x_wconf 86' lang='lat' dir='ltr'>cub</span> <span class='ocrx_word' id='word_1_78' title='bbox 699 1489 782 1567; x_wconf 88' lang='lat' dir='ltr'>lana,</span> <span class='ocrx_word' id='word_1_79' title='bbox 809 1491 828 1550; x_wconf 89' lang='lat' dir='ltr'>i.</span> <span class='ocrx_word' id='word_1_80' title='bbox 852 1510 879 1550; x_wconf 92' lang='lat' dir='ltr'>e.</span> <span class='ocrx_word' id='word_1_81' title='bbox 903 1491 1290 1571; x_wconf 73' lang='lat' dir='ltr'>operibnsocgnosuiue</span> 
     </span>
     <span class='ocr_line' id='line_1_13' title="bbox 370 1573 1292 1662; baseline 0 -29"><span class='ocrx_word' id='word_1_82' title='bbox 370 1573 451 1651; x_wconf 86' lang='lat' dir='ltr'>beat,</span> <span class='ocrx_word' id='word_1_83' title='bbox 474 1591 543 1632; x_wconf 87' lang='lat' dir='ltr'>cum</span> <span class='ocrx_word' id='word_1_84' title='bbox 563 1574 750 1632; x_wconf 75' lang='lat' dir='ltr'>uestimenta</span> <span class='ocrx_word' id='word_1_85' title='bbox 772 1575 874 1633; x_wconf 80' lang='lat' dir='ltr'>ovium</span> <span class='ocrx_word' id='word_1_86' title='bbox 889 1577 965 1632; x_wconf 88' lang='lat' dir='ltr'>-sint</span> <span class='ocrx_word' id='word_1_87' title='bbox 990 1575 1099 1648; x_wconf 82' lang='lat' dir='ltr'>verbe,</span> <span class='ocrx_word' id='word_1_88' title='bbox 1133 1590 1230 1662; x_wconf 82' lang='lat' dir='ltr'>opero</span> <span class='ocrx_word' id='word_1_89' title='bbox 1254 1580 1292 1633; x_wconf 44' lang='lat' dir='ltr'>*et</span> 
     </span>
     <span class='ocr_line' id='line_1_14' title="bbox 369 1655 1291 1738; baseline 0 -22"><span class='ocrx_word' id='word_1_90' title='bbox 369 1663 474 1736; x_wconf 88' lang='lat' dir='ltr'>gestus</span> <span class='ocrx_word' id='word_1_91' title='bbox 507 1674 623 1716; x_wconf 90' lang='lat' dir='ltr'>eorum.</span> <span class='ocrx_word' id='word_1_92' title='bbox 665 1655 738 1715; x_wconf 81' lang='lat' dir='ltr'>Alie</span> <span class='ocrx_word' id='word_1_93' title='bbox 758 1663 830 1716; x_wconf 89' lang='lat' dir='ltr'>sunt</span> <span class='ocrx_word' id='word_1_94' title='bbox 855 1675 965 1735; x_wconf 87' lang='lat' dir='ltr'>opera,</span> <span class='ocrx_word' id='word_1_95' title='bbox 995 1657 1068 1737; x_wconf 81' lang='lat' dir='ltr'>into,</span> <span class='ocrx_word' id='word_1_96' title='bbox 1090 1659 1227 1738; x_wconf 85' lang='lat' dir='ltr'>inquam,</span> <span class='ocrx_word' id='word_1_97' title='bbox 1248 1658 1291 1716; x_wconf 88' lang='lat' dir='ltr'>ln·</span> 
     </span>
     <span class='ocr_line' id='line_1_15' title="bbox 368 1738 1291 1820; baseline 0.003 -22"><span class='ocrx_word' id='word_1_98' title='bbox 368 1739 489 1798; x_wconf 79' lang='lat' dir='ltr'>terioris</span> <span class='ocrx_word' id='word_1_99' title='bbox 509 1746 543 1798; x_wconf 90' lang='lat' dir='ltr'>et</span> <span class='ocrx_word' id='word_1_100' title='bbox 562 1738 735 1798; x_wconf 79' lang='lat' dir='ltr'>absconditi</span> <span class='ocrx_word' id='word_1_101' title='bbox 755 1739 898 1817; x_wconf 83' lang='lat' dir='ltr'>hominis,</span> <span class='ocrx_word' id='word_1_102' title='bbox 921 1741 982 1820; x_wconf 86' lang='lat' dir='ltr'>qui,</span> <span class='ocrx_word' id='word_1_103' title='bbox 999 1741 1120 1800; x_wconf 67' lang='lat' dir='ltr'>etiamsi</span> <span class='ocrx_word' id='word_1_104' title='bbox 1132 1743 1193 1800; x_wconf 81' lang='lat' dir='ltr'>istu</span> <span class='ocrx_word' id='word_1_105' title='bbox 1209 1741 1291 1818; x_wconf 80' lang='lat' dir='ltr'>inuit,</span> 
     </span>
     <span class='ocr_line' id='line_1_16' title="bbox 369 1820 1290 1902; baseline 0.005 -23"><span class='ocrx_word' id='word_1_106' title='bbox 369 1823 457 1901; x_wconf 83' lang='lat' dir='ltr'>parvi</span> <span class='ocrx_word' id='word_1_107' title='bbox 477 1820 586 1900; x_wconf 87' lang='lat' dir='ltr'>pendit</span> <span class='ocrx_word' id='word_1_108' title='bbox 603 1841 650 1899; x_wconf 87' lang='lat' dir='ltr'>ea,</span> <span class='ocrx_word' id='word_1_109' title='bbox 666 1821 722 1881; x_wconf 90' lang='lat' dir='ltr'>sed</span> <span class='ocrx_word' id='word_1_110' title='bbox 741 1823 827 1902; x_wconf 86' lang='lat' dir='ltr'>eupit</span> <span class='ocrx_word' id='word_1_111' title='bbox 842 1823 933 1898; x_wconf 86' lang='lat' dir='ltr'>mitis,</span> <span class='ocrx_word' id='word_1_112' title='bbox 946 1823 1079 1902; x_wconf 90' lang='lat' dir='ltr'>humilis,</span> <span class='ocrx_word' id='word_1_113' title='bbox 1103 1825 1290 1900; x_wconf 66' lang='lat' dir='ltr'>caritativus,</span> 
     </span>
     <span class='ocr_line' id='line_1_17' title="bbox 369 1903 1292 1986; baseline 0.001 -23"><span class='ocrx_word' id='word_1_114' title='bbox 369 1905 500 1985; x_wconf 86' lang='lat' dir='ltr'>patiens,</span> <span class='ocrx_word' id='word_1_115' title='bbox 522 1903 632 1982; x_wconf 86' lang='lat' dir='ltr'>fidelis,</span> <span class='ocrx_word' id='word_1_116' title='bbox 654 1903 801 1983; x_wconf 77' lang='lat' dir='ltr'>pacificus</span> <span class='ocrx_word' id='word_1_117' title='bbox 815 1923 893 1984; x_wconf 84' lang='lat' dir='ltr'>esse,</span> <span class='ocrx_word' id='word_1_118' title='bbox 915 1913 949 1965; x_wconf 87' lang='lat' dir='ltr'>ut</span> <span class='ocrx_word' id='word_1_119' title='bbox 968 1906 1068 1968; x_wconf 72' lang='lat' dir='ltr'>Galat.</span> <span class='ocrx_word' id='word_1_120' title='bbox 1086 1911 1126 1986; x_wconf 83' lang='grc'>5.,</span> <span class='ocrx_word' id='word_1_121' title='bbox 1148 1905 1292 1968; x_wconf 82' lang='lat' dir='ltr'>ubiillos</span> 
     </span>
     <span class='ocr_line' id='line_1_18' title="bbox 370 1987 1291 2066; baseline 0.002 -20"><span class='ocrx_word' id='word_1_122' title='bbox 370 1988 485 2046; x_wconf 80' lang='lat' dir='ltr'>fructus</span> <span class='ocrx_word' id='word_1_123' title='bbox 516 1989 663 2066; x_wconf 78' lang='lat' dir='ltr'>exponit</span> <span class='ocrx_word' id='word_1_124' title='bbox 677 2007 734 2066; x_wconf 85' lang='lat' dir='ltr'>per</span> <span class='ocrx_word' id='word_1_125' title='bbox 766 1987 905 2048; x_wconf 85' lang='lat' dir='ltr'>ordinem</span> <span class='ocrx_word' id='word_1_126' title='bbox 935 1989 1026 2049; x_wconf 87' lang='lat' dir='ltr'>clare.</span> <span class='ocrx_word' id='word_1_127' title='bbox 1069 1989 1147 2049; x_wconf 84' lang='lat' dir='ltr'>Nam</span> <span class='ocrx_word' id='word_1_128' title='bbox 1178 1989 1223 2051; x_wconf 87' lang='lat' dir='ltr'>illi</span> <span class='ocrx_word' id='word_1_129' title='bbox 1245 2007 1291 2049; x_wconf 88' lang='lat' dir='ltr'>sn·</span> 
     </span>
     <span class='ocr_line' id='line_1_19' title="bbox 370 2069 1292 2150; baseline 0.003 -22"><span class='ocrx_word' id='word_1_130' title='bbox 370 2069 467 2148; x_wconf 80' lang='lat' dir='ltr'>perbi,</span> <span class='ocrx_word' id='word_1_131' title='bbox 490 2070 547 2128; x_wconf 90' lang='lat' dir='ltr'>etsi</span> <span class='ocrx_word' id='word_1_132' title='bbox 568 2087 666 2148; x_wconf 89' lang='lat' dir='ltr'>opera</span> <span class='ocrx_word' id='word_1_133' title='bbox 684 2090 740 2129; x_wconf 86' lang='lat' dir='ltr'>sua</span> <span class='ocrx_word' id='word_1_134' title='bbox 753 2071 876 2148; x_wconf 68' lang='lat' dir='ltr'>fociant,</span> <span class='ocrx_word' id='word_1_135' title='bbox 899 2073 1008 2150; x_wconf 88' lang='lat' dir='ltr'>quibus</span> <span class='ocrx_word' id='word_1_136' title='bbox 1031 2073 1089 2133; x_wconf 90' lang='lat' dir='ltr'>sibi</span> <span class='ocrx_word' id='word_1_137' title='bbox 1114 2072 1219 2132; x_wconf 82' lang='lat' dir='ltr'>lenem</span> <span class='ocrx_word' id='word_1_138' title='bbox 1242 2091 1292 2132; x_wconf 82' lang='lat' dir='ltr'>ve</span> 
     </span>
     <span class='ocr_line' id='line_1_20' title="bbox 370 2150 1291 2234; baseline 0.004 -24"><span class='ocrx_word' id='word_1_139' title='bbox 370 2153 507 2212; x_wconf 88' lang='lat' dir='ltr'>stimenti</span> <span class='ocrx_word' id='word_1_140' title='bbox 517 2150 665 2225; x_wconf 83' lang='lat' dir='ltr'>efficiunt,</span> <span class='ocrx_word' id='word_1_141' title='bbox 687 2161 758 2213; x_wconf 89' lang='lat' dir='ltr'>sunt</span> <span class='ocrx_word' id='word_1_142' title='bbox 769 2162 873 2214; x_wconf 84' lang='lat' dir='ltr'>tamen</span> <span class='ocrx_word' id='word_1_143' title='bbox 896 2156 927 2213; x_wconf 89' lang='lat' dir='ltr'>in</span> <span class='ocrx_word' id='word_1_144' title='bbox 943 2155 1088 2234; x_wconf 78' lang='lat' dir='ltr'>operibus</span> <span class='ocrx_word' id='word_1_145' title='bbox 1099 2155 1189 2215; x_wconf 59' lang='lat' dir='ltr'>‘veris</span> <span class='ocrx_word' id='word_1_146' title='bbox 1206 2155 1291 2231; x_wconf 81' lang='lat' dir='ltr'>nihil,</span> 
     </span>
     <span class='ocr_line' id='line_1_21' title="bbox 369 2230 1293 2318; baseline 0.003 -24"><span class='ocrx_word' id='word_1_147' title='bbox 369 2253 450 2314; x_wconf 82' lang='lat' dir='ltr'>quae</span> <span class='ocrx_word' id='word_1_148' title='bbox 472 2242 543 2294; x_wconf 85' lang='lat' dir='ltr'>sunt</span> <span class='ocrx_word' id='word_1_149' title='bbox 564 2237 723 2315; x_wconf 84' lang='lat' dir='ltr'>patientia,</span> <span class='ocrx_word' id='word_1_150' title='bbox 746 2255 826 2315; x_wconf 88' lang='lat' dir='ltr'>quae</span> <span class='ocrx_word' id='word_1_151' title='bbox 847 2237 1017 2316; x_wconf 84' lang='lat' dir='ltr'>perfectum</span> <span class='ocrx_word' id='word_1_152' title='bbox 1039 2230 1118 2318; x_wconf 75' lang='lat' dir='ltr'>op&#39;us</span> <span class='ocrx_word' id='word_1_153' title='bbox 1135 2237 1240 2318; x_wconf 87' lang='lat' dir='ltr'>habet,</span> <span class='ocrx_word' id='word_1_154' title='bbox 1262 2245 1293 2298; x_wconf 89' lang='lat' dir='ltr'>et</span> 
     </span>
     <span class='ocr_line' id='line_1_22' title="bbox 371 2319 1292 2403; baseline 0.002 -24"><span class='ocrx_word' id='word_1_155' title='bbox 371 2319 500 2397; x_wconf 83' lang='lat' dir='ltr'>coritas,</span> <span class='ocrx_word' id='word_1_156' title='bbox 536 2336 616 2398; x_wconf 83' lang='lat' dir='ltr'>quae</span> <span class='ocrx_word' id='word_1_157' title='bbox 641 2319 773 2379; x_wconf 83' lang='lat' dir='ltr'>aliorum</span> <span class='ocrx_word' id='word_1_158' title='bbox 802 2337 905 2381; x_wconf 84' lang='lat' dir='ltr'>eurem</span> <span class='ocrx_word' id='word_1_159' title='bbox 927 2323 1023 2401; x_wconf 88' lang='lat' dir='ltr'>gerit,</span> <span class='ocrx_word' id='word_1_160' title='bbox 1051 2323 1098 2381; x_wconf 87' lang='lat' dir='ltr'>sui</span> <span class='ocrx_word' id='word_1_161' title='bbox 1119 2322 1292 2403; x_wconf 85' lang='lat' dir='ltr'>negligens.</span> 
     </span>
     <span class='ocr_line' id='line_1_23' title="bbox 371 2401 1292 2482; baseline 0.003 -20"><span class='ocrx_word' id='word_1_162' title='bbox 371 2401 421 2463; x_wconf 90' lang='lat' dir='ltr'>Illi</span> <span class='ocrx_word' id='word_1_163' title='bbox 442 2409 546 2462; x_wconf 88' lang='lat' dir='ltr'>autem</span> <span class='ocrx_word' id='word_1_164' title='bbox 566 2404 598 2461; x_wconf 92' lang='lat' dir='ltr'>in</span> <span class='ocrx_word' id='word_1_165' title='bbox 620 2402 763 2464; x_wconf 86' lang='lat' dir='ltr'>omnibus</span> <span class='ocrx_word' id='word_1_166' title='bbox 785 2423 840 2463; x_wconf 85' lang='lat' dir='ltr'>sua</span> <span class='ocrx_word' id='word_1_167' title='bbox 863 2412 1015 2482; x_wconf 78' lang='lat' dir='ltr'>quaerunt</span> <span class='ocrx_word' id='word_1_168' title='bbox 1029 2412 1067 2465; x_wconf 86' lang='lat' dir='ltr'>et</span> <span class='ocrx_word' id='word_1_169' title='bbox 1087 2404 1127 2465; x_wconf 83' lang='lat' dir='ltr'>ed</span> <span class='ocrx_word' id='word_1_170' title='bbox 1157 2406 1220 2465; x_wconf 82' lang='lat' dir='ltr'>alia</span> <span class='ocrx_word' id='word_1_171' title='bbox 1240 2422 1292 2465; x_wconf 86' lang='lat' dir='ltr'>vo-</span> 
     </span>
     <span class='ocr_line' id='line_1_24' title="bbox 350 2484 1293 2568; baseline 0.002 -23"><span class='ocrx_word' id='word_1_172' title='bbox 350 2492 492 2564; x_wconf 61' lang='lat' dir='ltr'>carunt,</span> <span class='ocrx_word' id='word_1_173' title='bbox 513 2504 594 2565; x_wconf 85' lang='lat' dir='ltr'>quae</span> <span class='ocrx_word' id='word_1_174' title='bbox 613 2486 673 2565; x_wconf 90' lang='lat' dir='ltr'>ipsi</span> <span class='ocrx_word' id='word_1_175' title='bbox 695 2485 864 2567; x_wconf 83' lang='lat' dir='ltr'>elegerunt,</span> <span class='ocrx_word' id='word_1_176' title='bbox 888 2484 1038 2568; x_wconf 82' lang='lat' dir='ltr'>difficiles,</span> <span class='ocrx_word' id='word_1_177' title='bbox 1064 2489 1127 2548; x_wconf 86' lang='lat' dir='ltr'>imo</span> <span class='ocrx_word' id='word_1_178' title='bbox 1150 2487 1293 2565; x_wconf 78' lang='lat' dir='ltr'>rebelles,</span> 
     </span>
     <span class='ocr_line' id='line_1_25' title="bbox 373 2568 1293 2648; baseline 0.004 -21"><span class='ocrx_word' id='word_1_179' title='bbox 373 2568 429 2629; x_wconf 90' lang='lat' dir='ltr'>sed</span> <span class='ocrx_word' id='word_1_180' title='bbox 450 2575 483 2628; x_wconf 85' lang='lat' dir='ltr'>et</span> <span class='ocrx_word' id='word_1_181' title='bbox 504 2569 699 2643; x_wconf 80' lang='lat' dir='ltr'>contermini,</span> <span class='ocrx_word' id='word_1_182' title='bbox 719 2570 933 2648; x_wconf 82' lang='lat' dir='ltr'>impatientes,</span> <span class='ocrx_word' id='word_1_183' title='bbox 965 2570 1125 2633; x_wconf 80' lang='lat' dir='ltr'>detrahere</span> <span class='ocrx_word' id='word_1_184' title='bbox 1153 2590 1191 2631; x_wconf 86' lang='lat' dir='ltr'>ao</span> <span class='ocrx_word' id='word_1_185' title='bbox 1217 2570 1293 2631; x_wconf 83' lang='lat' dir='ltr'>iudi-</span> 
     </span>
     <span class='ocr_line' id='line_1_26' title="bbox 373 2651 1293 2734; baseline 0.005 -24"><span class='ocrx_word' id='word_1_186' title='bbox 373 2670 454 2727; x_wconf 87' lang='lat' dir='ltr'>care,</span> <span class='ocrx_word' id='word_1_187' title='bbox 476 2651 555 2711; x_wconf 85' lang='lat' dir='ltr'>alios</span> <span class='ocrx_word' id='word_1_188' title='bbox 576 2651 745 2731; x_wconf 80' lang='lat' dir='ltr'>negligere,</span> <span class='ocrx_word' id='word_1_189' title='bbox 760 2655 955 2732; x_wconf 76' lang='lat' dir='ltr'>contentiosi,</span> <span class='ocrx_word' id='word_1_190' title='bbox 973 2654 1135 2734; x_wconf 84' lang='lat' dir='ltr'>opiniosee</span> <span class='ocrx_word' id='word_1_191' title='bbox 1154 2656 1293 2732; x_wconf 89' lang='lat' dir='ltr'>cervicis,</span> 
     </span>
     <span class='ocr_line' id='line_1_27' title="bbox 372 2733 1293 2817; baseline 0.007 -24"><span class='ocrx_word' id='word_1_192' title='bbox 372 2733 514 2793; x_wconf 85' lang='lat' dir='ltr'>indomiti</span> <span class='ocrx_word' id='word_1_193' title='bbox 536 2751 654 2812; x_wconf 84' lang='lat' dir='ltr'>sensus,</span> <span class='ocrx_word' id='word_1_194' title='bbox 675 2733 748 2795; x_wconf 91' lang='lat' dir='ltr'>ideo</span> <span class='ocrx_word' id='word_1_195' title='bbox 765 2754 828 2796; x_wconf 91' lang='lat' dir='ltr'>non</span> <span class='ocrx_word' id='word_1_196' title='bbox 850 2735 980 2816; x_wconf 87' lang='lat' dir='ltr'>pecifici,</span> <span class='ocrx_word' id='word_1_197' title='bbox 1003 2737 1218 2817; x_wconf 80' lang='lat' dir='ltr'>brevissimos,</span> <span class='ocrx_word' id='word_1_198' title='bbox 1239 2739 1293 2799; x_wconf 82' lang='lat' dir='ltr'>inr-</span> 
     </span>
     <span class='ocr_line' id='line_1_28' title="bbox 374 2815 1293 2901; baseline 0.007 -26"><span class='ocrx_word' id='word_1_199' title='bbox 374 2816 542 2894; x_wconf 86' lang='lat' dir='ltr'>mansueti,</span> <span class='ocrx_word' id='word_1_200' title='bbox 576 2815 657 2894; x_wconf 90' lang='lat' dir='ltr'>duri,</span> <span class='ocrx_word' id='word_1_201' title='bbox 690 2818 785 2882; x_wconf 88' lang='lat' dir='ltr'>crudi.</span> <span class='ocrx_word' id='word_1_202' title='bbox 828 2819 914 2880; x_wconf 87' lang='lat' dir='ltr'>Haec</span> <span class='ocrx_word' id='word_1_203' title='bbox 939 2821 1018 2879; x_wconf 86' lang='lat' dir='ltr'>vitie-</span> <span class='ocrx_word' id='word_1_204' title='bbox 1042 2826 1074 2880; x_wconf 90' lang='lat' dir='ltr'>et</span> <span class='ocrx_word' id='word_1_205' title='bbox 1099 2821 1293 2901; x_wconf 78' lang='lat' dir='ltr'>operaiute-</span> 
     </span>
     <span class='ocr_line' id='line_1_29' title="bbox 336 2898 1293 2983; baseline 0.005 -25"><span class='ocrx_word' id='word_1_206' title='bbox 336 2965 341 2971; x_wconf 59' lang='grc'><strong>,</strong></span> <span class='ocrx_word' id='word_1_207' title='bbox 373 2900 462 2959; x_wconf 85' lang='lat' dir='ltr'>rioris</span> <span class='ocrx_word' id='word_1_208' title='bbox 487 2899 620 2959; x_wconf 90' lang='lat' dir='ltr'>hominis</span> <span class='ocrx_word' id='word_1_209' title='bbox 644 2902 737 2961; x_wconf 86' lang='lat' dir='ltr'>ovina</span> <span class='ocrx_word' id='word_1_210' title='bbox 756 2907 845 2962; x_wconf 86' lang='lat' dir='ltr'>veste</span> <span class='ocrx_word' id='word_1_211' title='bbox 866 2908 1044 2983; x_wconf 81' lang='lat' dir='ltr'>contegunt,</span> <span class='ocrx_word' id='word_1_212' title='bbox 1072 2905 1092 2964; x_wconf 93' lang='lat' dir='ltr'>i.</span> <span class='ocrx_word' id='word_1_213' title='bbox 1106 2914 1152 2964; x_wconf 69' lang='lat' dir='ltr'>·e.·&#39;</span> <span class='ocrx_word' id='word_1_214' title='bbox 1166 2898 1293 2965; x_wconf 73' lang='lat' dir='ltr'>aedoni-</span> 
     </span>
     <span class='ocr_line' id='line_1_30' title="bbox 373 2981 1294 3067; baseline 0.002 -24"><span class='ocrx_word' id='word_1_215' title='bbox 373 2982 441 3060; x_wconf 91' lang='lat' dir='ltr'>bus,</span> <span class='ocrx_word' id='word_1_216' title='bbox 468 2981 691 3063; x_wconf 86' lang='lat' dir='ltr'>oblationibus,</span> <span class='ocrx_word' id='word_1_217' title='bbox 729 2992 834 3065; x_wconf 86' lang='lat' dir='ltr'>gestu,</span> <span class='ocrx_word' id='word_1_218' title='bbox 861 2988 1045 3047; x_wconf 80' lang='lat' dir='ltr'>ceremoniis</span> <span class='ocrx_word' id='word_1_219' title='bbox 1073 2986 1294 3067; x_wconf 81' lang='lat' dir='ltr'>corporalibus,</span> 
     </span>
     <span class='ocr_line' id='line_1_31' title="bbox 373 3065 1293 3149; baseline 0.005 -25"><span class='ocrx_word' id='word_1_220' title='bbox 373 3066 430 3125; x_wconf 82' lang='lat' dir='ltr'>ita</span> <span class='ocrx_word' id='word_1_221' title='bbox 445 3073 479 3125; x_wconf 87' lang='lat' dir='ltr'>nt</span> <span class='ocrx_word' id='word_1_222' title='bbox 507 3072 539 3126; x_wconf 82' lang='lat' dir='ltr'>et</span> <span class='ocrx_word' id='word_1_223' title='bbox 565 3065 624 3126; x_wconf 89' lang='lat' dir='ltr'>sibi</span> <span class='ocrx_word' id='word_1_224' title='bbox 652 3072 683 3127; x_wconf 90' lang='lat' dir='ltr'>et</span> <span class='ocrx_word' id='word_1_225' title='bbox 708 3068 777 3127; x_wconf 86' lang='lat' dir='ltr'>aliis</span> <span class='ocrx_word' id='word_1_226' title='bbox 800 3068 988 3149; x_wconf 89' lang='lat' dir='ltr'>simplicibus</span> <span class='ocrx_word' id='word_1_227' title='bbox 1005 3068 1085 3130; x_wconf 86' lang='lat' dir='ltr'>boni</span> <span class='ocrx_word' id='word_1_228' title='bbox 1108 3077 1139 3129; x_wconf 87' lang='lat' dir='ltr'>et</span> <span class='ocrx_word' id='word_1_229' title='bbox 1159 3069 1238 3129; x_wconf 84' lang='lat' dir='ltr'>iusti</span> <span class='ocrx_word' id='word_1_230' title='bbox 1252 3070 1293 3129; x_wconf 78' lang='lat' dir='ltr'>vi·</span> 
     </span>
     <span class='ocr_line' id='line_1_32' title="bbox 374 3148 1294 3233; baseline 0.003 -26"><span class='ocrx_word' id='word_1_231' title='bbox 374 3148 513 3222; x_wconf 81' lang='lat' dir='ltr'>deantur.</span> <span class='ocrx_word' id='word_1_232' title='bbox 555 3148 596 3209; x_wconf 83' lang='lat' dir='ltr'>Et</span> <span class='ocrx_word' id='word_1_233' title='bbox 621 3148 653 3209; x_wconf 91' lang='lat' dir='ltr'>hi</span> <span class='ocrx_word' id='word_1_234' title='bbox 674 3156 747 3211; x_wconf 92' lang='lat' dir='ltr'>sunt</span> <span class='ocrx_word' id='word_1_235' title='bbox 767 3150 823 3230; x_wconf 84' lang='lat' dir='ltr'>illi,</span> <span class='ocrx_word' id='word_1_236' title='bbox 845 3152 897 3230; x_wconf 88' lang='lat' dir='ltr'>qui</span> <span class='ocrx_word' id='word_1_237' title='bbox 918 3151 1071 3212; x_wconf 87' lang='lat' dir='ltr'>subtiliter</span> <span class='ocrx_word' id='word_1_238' title='bbox 1098 3157 1195 3233; x_wconf 87' lang='lat' dir='ltr'>agunt</span> <span class='ocrx_word' id='word_1_239' title='bbox 1222 3170 1294 3211; x_wconf 91' lang='lat' dir='ltr'>con-</span> 
     </span>
     <span class='ocr_line' id='line_1_33' title="bbox 323 3228 1294 3315; baseline 0.002 -24"><span class='ocrx_word' id='word_1_240' title='bbox 323 3238 333 3261; x_wconf 79' lang='lat'><strong><em>⁶</em></strong></span> <span class='ocrx_word' id='word_1_241' title='bbox 374 3238 422 3292; x_wconf 86' lang='lat' dir='ltr'>tra</span> <span class='ocrx_word' id='word_1_242' title='bbox 452 3228 656 3315; x_wconf 74' lang='lat' dir='ltr'>praeceptum</span> <span class='ocrx_word' id='word_1_243' title='bbox 683 3234 823 3314; x_wconf 84' lang='lat' dir='ltr'>primunr.</span> <span class='ocrx_word' id='word_1_244' title='bbox 849 3234 933 3295; x_wconf 78' lang='lat' dir='ltr'>eeu</span> <span class='ocrx_word' id='word_1_245' title='bbox 963 3234 1129 3313; x_wconf 20' lang='lat' dir='ltr'>differendi,</span> <span class='ocrx_word' id='word_1_246' title='bbox 1157 3241 1229 3298; x_wconf 88' lang='lat' dir='ltr'>sunt</span> <span class='ocrx_word' id='word_1_247' title='bbox 1262 3236 1294 3293; x_wconf 91' lang='lat' dir='ltr'>in</span> 
     </span>
     <span class='ocr_line' id='line_1_34' title="bbox 373 3310 1294 3398; baseline 0.004 -25"><span class='ocrx_word' id='word_1_248' title='bbox 373 3314 476 3375; x_wconf 90' lang='lat' dir='ltr'>locum</span> <span class='ocrx_word' id='word_1_249' title='bbox 498 3310 595 3375; x_wconf 83' lang='lat' dir='ltr'>s&#39;uum.</span> <span class='ocrx_word' id='word_1_250' title='bbox 624 3310 732 3376; x_wconf 65' lang='lat' dir='ltr'>&#39;Nunc&#39;</span> <span class='ocrx_word' id='word_1_251' title='bbox 747 3310 980 3397; x_wconf 77' lang='lat' dir='ltr'>prosequimur,</span> <span class='ocrx_word' id='word_1_252' title='bbox 995 3317 999 3330; x_wconf 81' lang='grc'><em>“</em></span> <span class='ocrx_word' id='word_1_253' title='bbox 1014 3336 1093 3397; x_wconf 85' lang='lat' dir='ltr'>quae</span> <span class='ocrx_word' id='word_1_254' title='bbox 1114 3316 1294 3398; x_wconf 84' lang='lat' dir='ltr'>incepimus,</span> 
     </span>
     <span class='ocr_line' id='line_1_35' title="bbox 375 3398 1294 3480; baseline 0.003 -23"><span class='ocrx_word' id='word_1_255' title='bbox 375 3418 446 3458; x_wconf 88' lang='lat' dir='ltr'>nam</span> <span class='ocrx_word' id='word_1_256' title='bbox 468 3398 656 3479; x_wconf 84' lang='lat' dir='ltr'>singularem</span> <span class='ocrx_word' id='word_1_257' title='bbox 678 3398 723 3459; x_wconf 88' lang='lat' dir='ltr'>illi</span> <span class='ocrx_word' id='word_1_258' title='bbox 744 3402 906 3461; x_wconf 85' lang='lat' dir='ltr'>tractatum</span> <span class='ocrx_word' id='word_1_259' title='bbox 928 3408 1096 3480; x_wconf 85' lang='lat' dir='ltr'>quaerunt,</span> <span class='ocrx_word' id='word_1_260' title='bbox 1129 3421 1200 3461; x_wconf 88' lang='lat' dir='ltr'>cum</span> <span class='ocrx_word' id='word_1_261' title='bbox 1231 3418 1294 3461; x_wconf 91' lang='lat' dir='ltr'>non</span> 
     </span>
    </p>

    <p class='ocr_par' dir='ltr' id='par_1_4' title="bbox 369 3481 1378 3647">
     <span class='ocr_line' id='line_1_36' title="bbox 369 3481 1378 3567; baseline -0.002 -21"><span class='ocrx_word' id='word_1_262' title='bbox 369 3483 415 3556; x_wconf 75' lang='lat' dir='ltr'>sit</span> <span class='ocrx_word' id='word_1_263' title='bbox 442 3481 537 3548; x_wconf 90' lang='lat' dir='ltr'>hodie</span> <span class='ocrx_word' id='word_1_264' title='bbox 557 3483 653 3564; x_wconf 85' lang='lat' dir='ltr'>pestis</span> <span class='ocrx_word' id='word_1_265' title='bbox 675 3483 774 3543; x_wconf 89' lang='lat' dir='ltr'>maior</span> <span class='ocrx_word' id='word_1_266' title='bbox 794 3502 849 3562; x_wconf 89' lang='lat' dir='ltr'>per</span> <span class='ocrx_word' id='word_1_267' title='bbox 871 3484 1034 3545; x_wconf 82' lang='lat' dir='ltr'>ecelesiam</span> <span class='ocrx_word' id='word_1_268' title='bbox 1055 3486 1115 3557; x_wconf 77' lang='lat' dir='ltr'>isto</span> <span class='ocrx_word' id='word_1_269' title='bbox 1131 3492 1220 3567; x_wconf 87' lang='lat' dir='ltr'>peste</span> <span class='ocrx_word' id='word_1_270' title='bbox 1239 3484 1293 3544; x_wconf 93' lang='lat' dir='ltr'>ho·</span> <span class='ocrx_word' id='word_1_271' title='bbox 1377 3522 1378 3557; x_wconf 73' lang='lat'>,</span> 
     </span>
     <span class='ocr_line' id='line_1_37' title="bbox 370 3562 1295 3647; baseline -0.001 -19"><span class='ocrx_word' id='word_1_272' title='bbox 370 3568 499 3644; x_wconf 83' lang='lat' dir='ltr'>minum,</span> <span class='ocrx_word' id='word_1_273' title='bbox 521 3564 709 3645; x_wconf 84' lang='lat' dir='ltr'>quidieunt,</span> <span class='ocrx_word' id='word_1_274' title='bbox 734 3565 851 3627; x_wconf 91' lang='lat' dir='ltr'>bonum</span> <span class='ocrx_word' id='word_1_275' title='bbox 879 3572 1002 3647; x_wconf 88' lang='lat' dir='ltr'>oportet</span> <span class='ocrx_word' id='word_1_276' title='bbox 1028 3562 1146 3647; x_wconf 84' lang='lat' dir='ltr'>facere,</span> <span class='ocrx_word' id='word_1_277' title='bbox 1175 3569 1295 3627; x_wconf 86' lang='lat' dir='ltr'>nescire</span> 
     </span>
    </p>

    <p class='ocr_par' dir='ltr' id='par_1_5' title="bbox 161 3648 1378 3728">
     <span class='ocr_line' id='line_1_38' title="bbox 161 3648 1378 3728; baseline 0.002 -20"><span class='ocrx_word' id='word_1_278' title='bbox 161 3713 162 3722; x_wconf 40' lang='lat'>,</span> <span class='ocrx_word' id='word_1_279' title='bbox 375 3649 532 3728; x_wconf 88' lang='lat' dir='ltr'>volentes,</span> <span class='ocrx_word' id='word_1_280' title='bbox 565 3648 638 3727; x_wconf 90' lang='lat' dir='ltr'>quid</span> <span class='ocrx_word' id='word_1_281' title='bbox 670 3649 709 3709; x_wconf 89' lang='lat' dir='ltr'>sit</span> <span class='ocrx_word' id='word_1_282' title='bbox 734 3648 850 3709; x_wconf 90' lang='lat' dir='ltr'>bonum</span> <span class='ocrx_word' id='word_1_283' title='bbox 872 3650 923 3711; x_wconf 92' lang='lat' dir='ltr'>vel</span> <span class='ocrx_word' id='word_1_284' title='bbox 944 3650 1068 3713; x_wconf 88' lang='lat' dir='ltr'>malurn.</span> <span class='ocrx_word' id='word_1_285' title='bbox 1112 3651 1189 3713; x_wconf 84' lang='lat' dir='ltr'>Sunt</span> <span class='ocrx_word' id='word_1_286' title='bbox 1210 3652 1293 3711; x_wconf 89' lang='lat' dir='ltr'>enim</span> <span class='ocrx_word' id='word_1_287' title='bbox 1377 3686 1378 3721; x_wconf 58' lang='grc' dir='ltr'><strong>ι</strong></span> 
     </span>
    </p>

    <p class='ocr_par' dir='ltr' id='par_1_6' title="bbox 161 3727 975 3811">
     <span class='ocr_line' id='line_1_39' title="bbox 161 3727 975 3811; baseline -0.004 -17"><span class='ocrx_word' id='word_1_288' title='bbox 161 3727 163 3794; x_wconf 82' lang='lat' dir='ltr'>l</span> <span class='ocrx_word' id='word_1_289' title='bbox 371 3733 490 3798; x_wconf 84' lang='lat' dir='ltr'>inimici</span> <span class='ocrx_word' id='word_1_290' title='bbox 512 3732 619 3811; x_wconf 80' lang='lat' dir='ltr'>erucis,</span> <span class='ocrx_word' id='word_1_291' title='bbox 641 3732 661 3796; x_wconf 84' lang='lat' dir='ltr'>i,</span> <span class='ocrx_word' id='word_1_292' title='bbox 686 3750 713 3791; x_wconf 87' lang='lat' dir='ltr'>e..</span> <span class='ocrx_word' id='word_1_293' title='bbox 735 3731 888 3793; x_wconf 87' lang='lat' dir='ltr'>bonorum</span> <span class='ocrx_word' id='word_1_294' title='bbox 901 3732 975 3805; x_wconf 78' lang='lat' dir='ltr'>Dei..</span> 
     </span>
    </p>
   </div>
   <div class='ocr_carea' id='block_1_3' title="bbox 0 0 1557 4750">
    <p class='ocr_par' dir='ltr' id='par_1_7' title="bbox 0 0 1557 4750">
     <span class='ocr_line' id='line_1_40' title="bbox 0 0 1557 4750; baseline 0 0"><span class='ocrx_word' id='word_1_295' title='bbox 0 0 1557 4750; x_wconf 95' lang='lat' dir='ltr'> </span> 
     </span>
    </p>
   </div>
  </div>
 </body>
</html>
