<?xml version="1.0" encoding="UTF-8"?>
<!DOCTYPE html PUBLIC "-//W3C//DTD XHTML 1.0 Transitional//EN"
    "http://www.w3.org/TR/xhtml1/DTD/xhtml1-transitional.dtd">
<html xmlns="http://www.w3.org/1999/xhtml" xml:lang="en" lang="en">
 <head>
  <title>
</title>
<meta http-equiv="Content-Type" content="text/html;charset=utf-8" />
  <meta name='ocr-system' content='tesseract 3.04.00' />
  <meta name='ocr-capabilities' content='ocr_page ocr_carea ocr_par ocr_line ocrx_word'/>
</head>
<body>
  <div class='ocr_page' id='page_1' title='image "./operalatinavari01schmgoog_0179.png"; bbox 0 0 3075 4750; ppageno 0'>
   <div class='ocr_carea' id='block_1_1' title="bbox 597 472 1173 552">
    <p class='ocr_par' dir='ltr' id='par_1_1' title="bbox 597 472 1173 552">
     <span class='ocr_line' id='line_1_1' title="bbox 597 472 1173 552; baseline 0.03 -16"><span class='ocrx_word' id='word_1_1' title='bbox 597 477 845 540; x_wconf 67' lang='lat' dir='ltr'>absencia</span> <span class='ocrx_word' id='word_1_2' title='bbox 1114 472 1173 552; x_wconf 74' lang='lat'>171</span> 
     </span>
    </p>
   </div>
   <div class='ocr_carea' id='block_1_2' title="bbox 258 605 1175 814">
    <p class='ocr_par' dir='ltr' id='par_1_2' title="bbox 258 605 1175 814">
     <span class='ocr_line' id='line_1_2' title="bbox 258 605 1175 732; baseline 0.002 -22"><span class='ocrx_word' id='word_1_3' title='bbox 258 667 322 712; x_wconf 81' lang='lat' dir='ltr'>nos</span> <span class='ocrx_word' id='word_1_4' title='bbox 362 650 422 712; x_wconf 90' lang='lat' dir='ltr'>nisi</span> <span class='ocrx_word' id='word_1_5' title='bbox 454 647 638 732; x_wconf 71' lang='lat' dir='ltr'>suffragata</span> <span class='ocrx_word' id='word_1_6' title='bbox 666 658 699 713; x_wconf 85' lang='lat' dir='ltr'>et</span> <span class='ocrx_word' id='word_1_7' title='bbox 726 649 897 714; x_wconf 75' lang='lat' dir='ltr'>intercedat</span> <span class='ocrx_word' id='word_1_8' title='bbox 917 605 978 731; x_wconf 29' lang='lat' dir='ltr'>&#39;pro</span> <span class='ocrx_word' id='word_1_9' title='bbox 1005 647 1175 729; x_wconf 82' lang='lat' dir='ltr'>animabus,</span> 
     </span>
     <span class='ocr_line' id='line_1_3' title="bbox 261 733 1175 814; baseline 0.001 -21"><span class='ocrx_word' id='word_1_10' title='bbox 261 751 324 794; x_wconf 87' lang='lat' dir='ltr'>non</span> <span class='ocrx_word' id='word_1_11' title='bbox 352 739 388 794; x_wconf 87' lang='lat' dir='ltr'>ut</span> <span class='ocrx_word' id='word_1_12' title='bbox 412 740 600 814; x_wconf 86' lang='lat' dir='ltr'>potestatem</span> <span class='ocrx_word' id='word_1_13' title='bbox 628 733 744 796; x_wconf 89' lang='lat' dir='ltr'>babens</span> <span class='ocrx_word' id='word_1_14' title='bbox 771 735 826 796; x_wconf 89' lang='lat' dir='ltr'>sed</span> <span class='ocrx_word' id='word_1_15' title='bbox 853 740 887 794; x_wconf 88' lang='lat' dir='ltr'>ut</span> <span class='ocrx_word' id='word_1_16' title='bbox 917 733 1068 796; x_wconf 73' lang='lat' dir='ltr'>mediator</span> <span class='ocrx_word' id='word_1_17' title='bbox 1090 751 1175 794; x_wconf 86' lang='lat' dir='ltr'>acce·</span> 
     </span>
    </p>
   </div>
   <div class='ocr_carea' id='block_1_3' title="bbox 264 815 1274 898">
    <p class='ocr_par' dir='ltr' id='par_1_3' title="bbox 264 815 1274 898">
     <span class='ocr_line' id='line_1_4' title="bbox 264 815 1274 898; baseline 0 -22"><span class='ocrx_word' id='word_1_18' title='bbox 264 815 351 894; x_wconf 91' lang='lat' dir='ltr'>dens,</span> <span class='ocrx_word' id='word_1_19' title='bbox 375 835 470 896; x_wconf 88' lang='lat' dir='ltr'>quare</span> <span class='ocrx_word' id='word_1_20' title='bbox 494 824 609 880; x_wconf 88' lang='lat' dir='ltr'>certum</span> <span class='ocrx_word' id='word_1_21' title='bbox 631 824 689 897; x_wconf 79' lang='lat' dir='ltr'>eat,</span> <span class='ocrx_word' id='word_1_22' title='bbox 703 819 838 880; x_wconf 86' lang='lat' dir='ltr'>animam</span> <span class='ocrx_word' id='word_1_23' title='bbox 857 816 989 894; x_wconf 85' lang='lat' dir='ltr'>liberari,</span> <span class='ocrx_word' id='word_1_24' title='bbox 1010 837 1079 880; x_wconf 88' lang='lat' dir='ltr'>cum</span> <span class='ocrx_word' id='word_1_25' title='bbox 1096 815 1176 896; x_wconf 88' lang='lat' dir='ltr'>apud</span> <span class='ocrx_word' id='word_1_26' title='bbox 1273 893 1274 898; x_wconf 8' lang='grc' dir='ltr'>ἵ</span> 
     </span>
    </p>
   </div>
   <div class='ocr_carea' id='block_1_4' title="bbox 251 899 1179 2459">
    <p class='ocr_par' dir='ltr' id='par_1_4' title="bbox 251 899 1179 2459">
     <span class='ocr_line' id='line_1_5' title="bbox 259 899 1175 980; baseline 0 -20"><span class='ocrx_word' id='word_1_27' title='bbox 259 899 361 960; x_wconf 87' lang='lat' dir='ltr'>Deum</span> <span class='ocrx_word' id='word_1_28' title='bbox 382 906 446 962; x_wconf 76' lang='lat' dir='ltr'>stet</span> <span class='ocrx_word' id='word_1_29' title='bbox 465 900 638 979; x_wconf 80' lang='lat' dir='ltr'>arbitrium,</span> <span class='ocrx_word' id='word_1_30' title='bbox 659 909 825 979; x_wconf 87' lang='lat' dir='ltr'>quantum,</span> <span class='ocrx_word' id='word_1_31' title='bbox 846 900 1019 980; x_wconf 88' lang='lat' dir='ltr'>quomodo,</span> <span class='ocrx_word' id='word_1_32' title='bbox 1041 899 1175 979; x_wconf 82' lang='lat' dir='ltr'>quando,</span> 
     </span>
     <span class='ocr_line' id='line_1_6' title="bbox 259 981 1176 1063; baseline 0.002 -21"><span class='ocrx_word' id='word_1_33' title='bbox 259 981 321 1060; x_wconf 91' lang='lat' dir='ltr'>ubi,</span> <span class='ocrx_word' id='word_1_34' title='bbox 343 1002 402 1063; x_wconf 93' lang='lat' dir='ltr'>pro</span> <span class='ocrx_word' id='word_1_35' title='bbox 425 983 534 1063; x_wconf 90' lang='lat' dir='ltr'>quibus</span> <span class='ocrx_word' id='word_1_36' title='bbox 555 984 717 1046; x_wconf 88' lang='lat' dir='ltr'>ecclesiam</span> <span class='ocrx_word' id='word_1_37' title='bbox 739 1003 827 1045; x_wconf 90' lang='lat' dir='ltr'>suam</span> <span class='ocrx_word' id='word_1_38' title='bbox 848 982 923 1044; x_wconf 87' lang='lat' dir='ltr'>velit</span> <span class='ocrx_word' id='word_1_39' title='bbox 942 983 1068 1045; x_wconf 83' lang='lat' dir='ltr'>audire?</span> <span class='ocrx_word' id='word_1_40' title='bbox 1100 982 1176 1058; x_wconf 79' lang='lat' dir='ltr'>Quis</span> 
     </span>
     <span class='ocr_line' id='line_1_7' title="bbox 259 1065 1177 1147; baseline 0.002 -22"><span class='ocrx_word' id='word_1_41' title='bbox 259 1072 362 1126; x_wconf 87' lang='lat' dir='ltr'>certus</span> <span class='ocrx_word' id='word_1_42' title='bbox 393 1073 459 1144; x_wconf 89' lang='lat' dir='ltr'>est,</span> <span class='ocrx_word' id='word_1_43' title='bbox 490 1067 573 1146; x_wconf 90' lang='lat' dir='ltr'>quod</span> <span class='ocrx_word' id='word_1_44' title='bbox 603 1068 645 1128; x_wconf 87' lang='lat' dir='ltr'>ita</span> <span class='ocrx_word' id='word_1_45' title='bbox 671 1067 754 1128; x_wconf 89' lang='lat' dir='ltr'>Deus</span> <span class='ocrx_word' id='word_1_46' title='bbox 782 1073 923 1147; x_wconf 83' lang='lat' dir='ltr'>acceptat</span> <span class='ocrx_word' id='word_1_47' title='bbox 943 1069 1025 1130; x_wconf 88' lang='lat' dir='ltr'>siout</span> <span class='ocrx_word' id='word_1_48' title='bbox 1043 1065 1177 1147; x_wconf 79' lang='lat' dir='ltr'>petituri</span> 
     </span>
     <span class='ocr_line' id='line_1_8' title="bbox 258 1149 1177 1230; baseline 0.001 -22"><span class='ocrx_word' id='word_1_49' title='bbox 258 1149 320 1210; x_wconf 86' lang='lat' dir='ltr'>uisi</span> <span class='ocrx_word' id='word_1_50' title='bbox 341 1149 424 1210; x_wconf 82' lang='lat' dir='ltr'>forte</span> <span class='ocrx_word' id='word_1_51' title='bbox 446 1169 486 1210; x_wconf 85' lang='lat' dir='ltr'>ex</span> <span class='ocrx_word' id='word_1_52' title='bbox 507 1149 568 1210; x_wconf 90' lang='lat' dir='ltr'>hoc</span> <span class='ocrx_word' id='word_1_53' title='bbox 590 1149 767 1229; x_wconf 90' lang='lat' dir='ltr'>quodDeus</span> <span class='ocrx_word' id='word_1_54' title='bbox 789 1169 852 1211; x_wconf 91' lang='lat' dir='ltr'>non</span> <span class='ocrx_word' id='word_1_55' title='bbox 873 1150 993 1230; x_wconf 85' lang='lat' dir='ltr'>repellit</span> <span class='ocrx_word' id='word_1_56' title='bbox 1005 1150 1177 1210; x_wconf 87' lang='lat' dir='ltr'>orationem</span> 
     </span>
     <span class='ocr_line' id='line_1_9' title="bbox 258 1231 1179 1313; baseline 0.002 -21"><span class='ocrx_word' id='word_1_57' title='bbox 258 1231 414 1292; x_wconf 87' lang='lat' dir='ltr'>ecclesiae</span> <span class='ocrx_word' id='word_1_58' title='bbox 435 1251 526 1310; x_wconf 83' lang='lat' dir='ltr'>suae,</span> <span class='ocrx_word' id='word_1_59' title='bbox 547 1233 580 1295; x_wconf 91' lang='lat' dir='ltr'>in</span> <span class='ocrx_word' id='word_1_60' title='bbox 601 1253 662 1313; x_wconf 88' lang='lat' dir='ltr'>qua</span> <span class='ocrx_word' id='word_1_61' title='bbox 686 1233 823 1294; x_wconf 84' lang='lat' dir='ltr'>Christus</span> <span class='ocrx_word' id='word_1_62' title='bbox 845 1242 914 1295; x_wconf 88' lang='lat' dir='ltr'>orat</span> <span class='ocrx_word' id='word_1_63' title='bbox 934 1251 1003 1294; x_wconf 90' lang='lat' dir='ltr'>cum</span> <span class='ocrx_word' id='word_1_64' title='bbox 1025 1252 1078 1310; x_wconf 89' lang='lat' dir='ltr'>ea,</span> <span class='ocrx_word' id='word_1_65' title='bbox 1100 1233 1179 1294; x_wconf 87' lang='lat' dir='ltr'>sicut</span> 
     </span>
     <span class='ocr_line' id='line_1_10' title="bbox 258 1313 1177 1396; baseline 0.002 -22"><span class='ocrx_word' id='word_1_66' title='bbox 258 1313 347 1389; x_wconf 77' lang='lat' dir='ltr'>dixit,</span> <span class='ocrx_word' id='word_1_67' title='bbox 372 1315 468 1393; x_wconf 87' lang='lat' dir='ltr'>petite</span> <span class='ocrx_word' id='word_1_68' title='bbox 488 1322 521 1376; x_wconf 87' lang='lat' dir='ltr'>et</span> <span class='ocrx_word' id='word_1_69' title='bbox 540 1317 708 1396; x_wconf 71' lang='lat' dir='ltr'>accipietis,</span> <span class='ocrx_word' id='word_1_70' title='bbox 729 1317 901 1393; x_wconf 89' lang='lat' dir='ltr'>etiterum,</span> <span class='ocrx_word' id='word_1_71' title='bbox 922 1315 1067 1396; x_wconf 90' lang='lat' dir='ltr'>quidquid</span> <span class='ocrx_word' id='word_1_72' title='bbox 1090 1335 1177 1378; x_wconf 86' lang='lat' dir='ltr'>oran·</span> 
     </span>
     <span class='ocr_line' id='line_1_11' title="bbox 256 1397 1175 1480; baseline 0.007 -25"><span class='ocrx_word' id='word_1_73' title='bbox 256 1409 303 1458; x_wconf 84' lang='lat' dir='ltr'>tes</span> <span class='ocrx_word' id='word_1_74' title='bbox 324 1398 488 1477; x_wconf 89' lang='lat' dir='ltr'>petieritis,</span> <span class='ocrx_word' id='word_1_75' title='bbox 510 1398 625 1480; x_wconf 84' lang='lat' dir='ltr'>credite</span> <span class='ocrx_word' id='word_1_76' title='bbox 646 1399 731 1479; x_wconf 92' lang='lat' dir='ltr'>quod</span> <span class='ocrx_word' id='word_1_77' title='bbox 751 1400 924 1479; x_wconf 71' lang='lat' dir='ltr'>accipietis,</span> <span class='ocrx_word' id='word_1_78' title='bbox 952 1405 984 1460; x_wconf 81' lang='lat' dir='ltr'>et</span> <span class='ocrx_word' id='word_1_79' title='bbox 1004 1398 1057 1460; x_wconf 87' lang='lat' dir='ltr'>fiet</span> <span class='ocrx_word' id='word_1_80' title='bbox 1078 1397 1175 1461; x_wconf 85' lang='lat' dir='ltr'>vobis.</span> 
     </span>
     <span class='ocr_line' id='line_1_12' title="bbox 254 1479 1177 1562; baseline 0.004 -24"><span class='ocrx_word' id='word_1_81' title='bbox 254 1479 345 1554; x_wconf 76' lang='lat' dir='ltr'>Quae</span> <span class='ocrx_word' id='word_1_82' title='bbox 358 1499 428 1542; x_wconf 92' lang='lat' dir='ltr'>cum</span> <span class='ocrx_word' id='word_1_83' title='bbox 449 1487 530 1543; x_wconf 86' lang='lat' dir='ltr'>certa</span> <span class='ocrx_word' id='word_1_84' title='bbox 553 1482 624 1560; x_wconf 82' lang='lat' dir='ltr'>sint,</span> <span class='ocrx_word' id='word_1_85' title='bbox 644 1482 837 1544; x_wconf 84' lang='lat' dir='ltr'>utilissimum</span> <span class='ocrx_word' id='word_1_86' title='bbox 861 1489 908 1544; x_wconf 86' lang='lat' dir='ltr'>est</span> <span class='ocrx_word' id='word_1_87' title='bbox 927 1483 1002 1544; x_wconf 88' lang='lat' dir='ltr'>istas</span> <span class='ocrx_word' id='word_1_88' title='bbox 1018 1481 1177 1562; x_wconf 86' lang='lat' dir='ltr'>indulgen·</span> 
     </span>
     <span class='ocr_line' id='line_1_13' title="bbox 255 1561 1175 1645; baseline 0.002 -23"><span class='ocrx_word' id='word_1_89' title='bbox 255 1564 313 1624; x_wconf 87' lang='lat' dir='ltr'>tias</span> <span class='ocrx_word' id='word_1_90' title='bbox 334 1561 402 1644; x_wconf 88' lang='lat' dir='ltr'>dari</span> <span class='ocrx_word' id='word_1_91' title='bbox 417 1569 449 1624; x_wconf 88' lang='lat' dir='ltr'>et</span> <span class='ocrx_word' id='word_1_92' title='bbox 464 1563 582 1644; x_wconf 85' lang='lat' dir='ltr'>redimi,</span> <span class='ocrx_word' id='word_1_93' title='bbox 595 1564 739 1645; x_wconf 89' lang='lat' dir='ltr'>quicquid</span> <span class='ocrx_word' id='word_1_94' title='bbox 749 1566 791 1626; x_wconf 87' lang='lat' dir='ltr'>sit</span> <span class='ocrx_word' id='word_1_95' title='bbox 803 1565 842 1628; x_wconf 91' lang='lat' dir='ltr'>de</span> <span class='ocrx_word' id='word_1_96' title='bbox 852 1566 982 1626; x_wconf 76' lang='lat' dir='ltr'>avaritm</span> <span class='ocrx_word' id='word_1_97' title='bbox 994 1571 1025 1626; x_wconf 88' lang='lat' dir='ltr'>et</span> <span class='ocrx_word' id='word_1_98' title='bbox 1037 1571 1175 1643; x_wconf 86' lang='lat' dir='ltr'>quaestu,</span> 
     </span>
     <span class='ocr_line' id='line_1_14' title="bbox 255 1645 1177 1725; baseline 0.002 -19"><span class='ocrx_word' id='word_1_99' title='bbox 255 1647 392 1725; x_wconf 90' lang='lat' dir='ltr'>quaein</span> <span class='ocrx_word' id='word_1_100' title='bbox 414 1645 475 1706; x_wconf 92' lang='lat' dir='ltr'>illis</span> <span class='ocrx_word' id='word_1_101' title='bbox 497 1647 650 1708; x_wconf 88' lang='lat' dir='ltr'>timentur.</span> <span class='ocrx_word' id='word_1_102' title='bbox 692 1648 771 1709; x_wconf 88' lang='lat' dir='ltr'>Nam</span> <span class='ocrx_word' id='word_1_103' title='bbox 800 1649 878 1712; x_wconf 85' lang='lat' dir='ltr'>sorte</span> <span class='ocrx_word' id='word_1_104' title='bbox 905 1649 989 1709; x_wconf 88' lang='lat' dir='ltr'>Deus</span> <span class='ocrx_word' id='word_1_105' title='bbox 1018 1647 1089 1708; x_wconf 90' lang='lat' dir='ltr'>ideo</span> <span class='ocrx_word' id='word_1_106' title='bbox 1113 1647 1177 1708; x_wconf 86' lang='lat' dir='ltr'>vult</span> 
     </span>
     <span class='ocr_line' id='line_1_15' title="bbox 254 1728 1176 1810; baseline 0.002 -22"><span class='ocrx_word' id='word_1_107' title='bbox 254 1728 474 1790; x_wconf 82' lang='lat' dir='ltr'>abundantiori</span> <span class='ocrx_word' id='word_1_108' title='bbox 502 1731 712 1794; x_wconf 75' lang='lat' dir='ltr'>misericordia</span> <span class='ocrx_word' id='word_1_109' title='bbox 732 1731 883 1793; x_wconf 81' lang='lat' dir='ltr'>defunctis</span> <span class='ocrx_word' id='word_1_110' title='bbox 906 1731 1061 1808; x_wconf 88' lang='lat' dir='ltr'>misereri,</span> <span class='ocrx_word' id='word_1_111' title='bbox 1093 1729 1176 1810; x_wconf 92' lang='lat' dir='ltr'>quod</span> 
     </span>
     <span class='ocr_line' id='line_1_16' title="bbox 252 1811 1176 1893; baseline 0.003 -22"><span class='ocrx_word' id='word_1_112' title='bbox 252 1811 341 1872; x_wconf 89' lang='lat' dir='ltr'>videt</span> <span class='ocrx_word' id='word_1_113' title='bbox 364 1831 432 1874; x_wconf 87' lang='lat' dir='ltr'>eam</span> <span class='ocrx_word' id='word_1_114' title='bbox 455 1815 611 1874; x_wconf 85' lang='lat' dir='ltr'>contemni</span> <span class='ocrx_word' id='word_1_115' title='bbox 632 1834 652 1875; x_wconf 89' lang='lat' dir='ltr'>a</span> <span class='ocrx_word' id='word_1_116' title='bbox 672 1815 856 1893; x_wconf 87' lang='lat' dir='ltr'>viventibus,</span> <span class='ocrx_word' id='word_1_117' title='bbox 878 1822 909 1876; x_wconf 88' lang='lat' dir='ltr'>et</span> <span class='ocrx_word' id='word_1_118' title='bbox 930 1815 1016 1875; x_wconf 88' lang='lat' dir='ltr'>multi</span> <span class='ocrx_word' id='word_1_119' title='bbox 1034 1833 1115 1874; x_wconf 89' lang='lat' dir='ltr'>nunc</span> <span class='ocrx_word' id='word_1_120' title='bbox 1132 1815 1176 1874; x_wconf 80' lang='lat' dir='ltr'>in-</span> 
     </span>
     <span class='ocr_line' id='line_1_17' title="bbox 253 1896 1177 1978; baseline 0 -20"><span class='ocrx_word' id='word_1_121' title='bbox 253 1901 338 1958; x_wconf 85' lang='lat' dir='ltr'>truut</span> <span class='ocrx_word' id='word_1_122' title='bbox 358 1896 579 1976; x_wconf 85' lang='lat' dir='ltr'>purgatorium,</span> <span class='ocrx_word' id='word_1_123' title='bbox 593 1897 673 1976; x_wconf 53' lang='lat' dir='ltr'>‘plus</span> <span class='ocrx_word' id='word_1_124' title='bbox 688 1916 780 1976; x_wconf 88' lang='lat' dir='ltr'>quam</span> <span class='ocrx_word' id='word_1_125' title='bbox 797 1897 881 1977; x_wconf 89' lang='lat' dir='ltr'>olim,</span> <span class='ocrx_word' id='word_1_126' title='bbox 898 1917 937 1960; x_wconf 87' lang='lat' dir='ltr'>eo</span> <span class='ocrx_word' id='word_1_127' title='bbox 953 1896 1036 1976; x_wconf 92' lang='lat' dir='ltr'>quod</span> <span class='ocrx_word' id='word_1_128' title='bbox 1052 1898 1177 1978; x_wconf 83' lang='lat' dir='ltr'>segnius</span> 
     </span>
     <span class='ocr_line' id='line_1_18' title="bbox 253 1977 1178 2060; baseline 0.004 -22"><span class='ocrx_word' id='word_1_129' title='bbox 253 1996 337 2038; x_wconf 90' lang='lat' dir='ltr'>nuuc</span> <span class='ocrx_word' id='word_1_130' title='bbox 358 1984 454 2057; x_wconf 85' lang='lat' dir='ltr'>agant</span> <span class='ocrx_word' id='word_1_131' title='bbox 476 1977 640 2040; x_wconf 84' lang='lat' dir='ltr'>Christiani</span> <span class='ocrx_word' id='word_1_132' title='bbox 668 2000 759 2060; x_wconf 89' lang='lat' dir='ltr'>quam</span> <span class='ocrx_word' id='word_1_133' title='bbox 791 1981 875 2042; x_wconf 87' lang='lat' dir='ltr'>olim.</span> <span class='ocrx_word' id='word_1_134' title='bbox 928 1980 1004 2044; x_wconf 86' lang='lat' dir='ltr'>Ideo</span> <span class='ocrx_word' id='word_1_135' title='bbox 1031 1988 1063 2041; x_wconf 90' lang='lat' dir='ltr'>et</span> <span class='ocrx_word' id='word_1_136' title='bbox 1092 1980 1178 2042; x_wconf 84' lang='lat' dir='ltr'>multi</span> 
     </span>
     <span class='ocr_line' id='line_1_19' title="bbox 252 2062 1175 2144; baseline 0.005 -25"><span class='ocrx_word' id='word_1_137' title='bbox 252 2062 372 2122; x_wconf 87' lang='lat' dir='ltr'>intrant</span> <span class='ocrx_word' id='word_1_138' title='bbox 393 2070 425 2122; x_wconf 89' lang='lat' dir='ltr'>et</span> <span class='ocrx_word' id='word_1_139' title='bbox 446 2063 536 2139; x_wconf 88' lang='lat' dir='ltr'>pauci</span> <span class='ocrx_word' id='word_1_140' title='bbox 558 2081 614 2142; x_wconf 90' lang='lat' dir='ltr'>pro</span> <span class='ocrx_word' id='word_1_141' title='bbox 638 2064 682 2124; x_wconf 91' lang='lat' dir='ltr'>eis</span> <span class='ocrx_word' id='word_1_142' title='bbox 704 2063 855 2142; x_wconf 85' lang='lat' dir='ltr'>laborant,</span> <span class='ocrx_word' id='word_1_143' title='bbox 869 2063 942 2126; x_wconf 89' lang='lat' dir='ltr'>dum</span> <span class='ocrx_word' id='word_1_144' title='bbox 953 2063 1175 2144; x_wconf 85' lang='lat' dir='ltr'>praecedentes</span> 
     </span>
     <span class='ocr_line' id='line_1_20' title="bbox 253 2143 1173 2228; baseline 0.002 -24"><span class='ocrx_word' id='word_1_145' title='bbox 253 2149 285 2204; x_wconf 85' lang='lat' dir='ltr'>et</span> <span class='ocrx_word' id='word_1_146' title='bbox 306 2143 411 2205; x_wconf 88' lang='lat' dir='ltr'>adbuc</span> <span class='ocrx_word' id='word_1_147' title='bbox 430 2146 611 2224; x_wconf 86' lang='lat' dir='ltr'>superstites</span> <span class='ocrx_word' id='word_1_148' title='bbox 633 2146 776 2226; x_wconf 88' lang='lat' dir='ltr'>utrinque</span> <span class='ocrx_word' id='word_1_149' title='bbox 796 2148 1173 2228; x_wconf 83' lang='lat' dir='ltr'>segnesfueruntetsunt,</span> 
     </span>
     <span class='ocr_line' id='line_1_21' title="bbox 252 2227 1174 2308; baseline 0.005 -23"><span class='ocrx_word' id='word_1_150' title='bbox 252 2246 337 2306; x_wconf 87' lang='lat' dir='ltr'>papa</span> <span class='ocrx_word' id='word_1_151' title='bbox 359 2228 404 2286; x_wconf 91' lang='lat' dir='ltr'>eis</span> <span class='ocrx_word' id='word_1_152' title='bbox 425 2227 485 2288; x_wconf 91' lang='lat' dir='ltr'>isto</span> <span class='ocrx_word' id='word_1_153' title='bbox 506 2229 615 2290; x_wconf 86' lang='lat' dir='ltr'>saltem</span> <span class='ocrx_word' id='word_1_154' title='bbox 636 2229 730 2290; x_wconf 88' lang='lat' dir='ltr'>modo</span> <span class='ocrx_word' id='word_1_155' title='bbox 752 2231 910 2308; x_wconf 85' lang='lat' dir='ltr'>succurrit,</span> <span class='ocrx_word' id='word_1_156' title='bbox 931 2229 972 2290; x_wconf 87' lang='lat' dir='ltr'>ad</span> <span class='ocrx_word' id='word_1_157' title='bbox 994 2236 1098 2290; x_wconf 86' lang='lat' dir='ltr'>votum</span> <span class='ocrx_word' id='word_1_158' title='bbox 1120 2247 1174 2290; x_wconf 85' lang='lat' dir='ltr'>seu</span> 
     </span>
     <span class='ocr_line' id='line_1_22' title="bbox 251 2311 1173 2394; baseline 0.008 -26"><span class='ocrx_word' id='word_1_159' title='bbox 251 2311 423 2391; x_wconf 84' lang='lat' dir='ltr'>gratiarum</span> <span class='ocrx_word' id='word_1_160' title='bbox 446 2312 586 2372; x_wconf 87' lang='lat' dir='ltr'>actiones</span> <span class='ocrx_word' id='word_1_161' title='bbox 608 2312 745 2394; x_wconf 89' lang='lat' dir='ltr'>applicat</span> <span class='ocrx_word' id='word_1_162' title='bbox 764 2314 796 2372; x_wconf 89' lang='lat' dir='ltr'>in</span> <span class='ocrx_word' id='word_1_163' title='bbox 820 2313 959 2377; x_wconf 79' lang='lat' dir='ltr'>laudibus</span> <span class='ocrx_word' id='word_1_164' title='bbox 982 2313 1039 2375; x_wconf 88' lang='lat' dir='ltr'>Dei</span> <span class='ocrx_word' id='word_1_165' title='bbox 1061 2312 1101 2375; x_wconf 90' lang='lat' dir='ltr'>de</span> <span class='ocrx_word' id='word_1_166' title='bbox 1122 2311 1173 2375; x_wconf 77' lang='lat' dir='ltr'>be</span> 
     </span>
     <span class='ocr_line' id='line_1_23' title="bbox 252 2392 810 2459; baseline 0.005 -5"><span class='ocrx_word' id='word_1_167' title='bbox 252 2392 374 2455; x_wconf 84' lang='lat' dir='ltr'>neiiciis</span> <span class='ocrx_word' id='word_1_168' title='bbox 395 2393 454 2456; x_wconf 89' lang='lat' dir='ltr'>sibi</span> <span class='ocrx_word' id='word_1_169' title='bbox 476 2402 508 2457; x_wconf 88' lang='lat' dir='ltr'>et</span> <span class='ocrx_word' id='word_1_170' title='bbox 528 2396 635 2459; x_wconf 84' lang='lat' dir='ltr'>electis</span> <span class='ocrx_word' id='word_1_171' title='bbox 657 2396 810 2457; x_wconf 84' lang='lat' dir='ltr'>exhibitis.</span> 
     </span>
    </p>
   </div>
   <div class='ocr_carea' id='block_1_5' title="bbox 607 2550 828 2613">
    <p class='ocr_par' dir='ltr' id='par_1_5' title="bbox 607 2550 828 2613">
     <span class='ocr_line' id='line_1_24' title="bbox 607 2550 828 2613; baseline 0.005 -2"><span class='ocrx_word' id='word_1_172' title='bbox 607 2550 828 2613; x_wconf 81' lang='lat' dir='ltr'>Conclusio.</span> 
     </span>
    </p>
   </div>
   <div class='ocr_carea' id='block_1_6' title="bbox 251 2664 1176 3245">
    <p class='ocr_par' dir='ltr' id='par_1_6' title="bbox 251 2664 1176 3245">
     <span class='ocr_line' id='line_1_25' title="bbox 335 2664 1174 2749; baseline -0.001 -24"><span class='ocrx_word' id='word_1_173' title='bbox 335 2664 371 2727; x_wconf 92' lang='lat' dir='ltr'>ld</span> <span class='ocrx_word' id='word_1_174' title='bbox 393 2665 497 2745; x_wconf 87' lang='lat' dir='ltr'>itaque</span> <span class='ocrx_word' id='word_1_175' title='bbox 518 2665 681 2749; x_wconf 78' lang='lat' dir='ltr'>diligenter</span> <span class='ocrx_word' id='word_1_176' title='bbox 701 2666 932 2739; x_wconf 83' lang='lat' dir='ltr'>attendendum,</span> <span class='ocrx_word' id='word_1_177' title='bbox 953 2682 993 2726; x_wconf 85' lang='lat' dir='ltr'>ne</span> <span class='ocrx_word' id='word_1_178' title='bbox 1014 2664 1174 2746; x_wconf 88' lang='lat' dir='ltr'>indulgen·</span> 
     </span>
     <span class='ocr_line' id='line_1_26' title="bbox 252 2747 1174 2826; baseline 0 -18"><span class='ocrx_word' id='word_1_179' title='bbox 252 2750 328 2825; x_wconf 83' lang='lat' dir='ltr'>tiae,</span> <span class='ocrx_word' id='word_1_180' title='bbox 349 2747 379 2807; x_wconf 92' lang='lat' dir='ltr'>id</span> <span class='ocrx_word' id='word_1_181' title='bbox 403 2755 459 2826; x_wconf 87' lang='lat' dir='ltr'>est,</span> <span class='ocrx_word' id='word_1_182' title='bbox 483 2750 710 2812; x_wconf 79' lang='lat' dir='ltr'>satisfactiones</span> <span class='ocrx_word' id='word_1_183' title='bbox 728 2749 808 2813; x_wconf 78' lang='lat' dir='ltr'>dant</span> <span class='ocrx_word' id='word_1_184' title='bbox 828 2750 918 2812; x_wconf 90' lang='lat' dir='ltr'>nobis</span> <span class='ocrx_word' id='word_1_185' title='bbox 940 2766 1035 2810; x_wconf 89' lang='lat' dir='ltr'>cansa</span> <span class='ocrx_word' id='word_1_186' title='bbox 1063 2750 1174 2809; x_wconf 85' lang='lat' dir='ltr'>securi·</span> 
     </span>
     <span class='ocr_line' id='line_1_27' title="bbox 252 2830 1175 2913; baseline 0.001 -23"><span class='ocrx_word' id='word_1_187' title='bbox 252 2832 324 2891; x_wconf 86' lang='lat' dir='ltr'>tatis</span> <span class='ocrx_word' id='word_1_188' title='bbox 344 2837 377 2892; x_wconf 87' lang='lat' dir='ltr'>et</span> <span class='ocrx_word' id='word_1_189' title='bbox 396 2832 538 2911; x_wconf 81' lang='lat' dir='ltr'>pigritiae</span> <span class='ocrx_word' id='word_1_190' title='bbox 561 2840 592 2893; x_wconf 88' lang='lat' dir='ltr'>et</span> <span class='ocrx_word' id='word_1_191' title='bbox 612 2834 757 2894; x_wconf 84' lang='lat' dir='ltr'>damnum</span> <span class='ocrx_word' id='word_1_192' title='bbox 779 2832 931 2895; x_wconf 84' lang='lat' dir='ltr'>interioris</span> <span class='ocrx_word' id='word_1_193' title='bbox 952 2834 1080 2913; x_wconf 80' lang='lat' dir='ltr'>gratiae.</span> <span class='ocrx_word' id='word_1_194' title='bbox 1113 2830 1175 2893; x_wconf 81' lang='lat' dir='ltr'>Sed</span> 
     </span>
     <span class='ocr_line' id='line_1_28' title="bbox 252 2913 1176 2996; baseline 0.003 -24"><span class='ocrx_word' id='word_1_195' title='bbox 252 2913 363 2974; x_wconf 84' lang='lat' dir='ltr'>sedulo</span> <span class='ocrx_word' id='word_1_196' title='bbox 386 2932 524 2994; x_wconf 84' lang='lat' dir='ltr'>agamus,</span> <span class='ocrx_word' id='word_1_197' title='bbox 546 2924 580 2976; x_wconf 88' lang='lat' dir='ltr'>ut</span> <span class='ocrx_word' id='word_1_198' title='bbox 601 2917 726 2978; x_wconf 84' lang='lat' dir='ltr'>morbus</span> <span class='ocrx_word' id='word_1_199' title='bbox 748 2924 878 2979; x_wconf 87' lang='lat' dir='ltr'>naturae</span> <span class='ocrx_word' id='word_1_200' title='bbox 899 2916 1036 2996; x_wconf 82' lang='lat' dir='ltr'>perfecte</span> <span class='ocrx_word' id='word_1_201' title='bbox 1051 2921 1176 2975; x_wconf 89' lang='lat' dir='ltr'>sanetur</span> 
     </span>
     <span class='ocr_line' id='line_1_29' title="bbox 251 2996 1173 3081; baseline 0.002 -24"><span class='ocrx_word' id='word_1_202' title='bbox 251 3006 283 3057; x_wconf 89' lang='lat' dir='ltr'>et</span> <span class='ocrx_word' id='word_1_203' title='bbox 305 2996 345 3057; x_wconf 85' lang='lat' dir='ltr'>ad</span> <span class='ocrx_word' id='word_1_204' title='bbox 367 2997 467 3057; x_wconf 87' lang='lat' dir='ltr'>Deum</span> <span class='ocrx_word' id='word_1_205' title='bbox 488 3001 594 3060; x_wconf 86' lang='lat' dir='ltr'>venire</span> <span class='ocrx_word' id='word_1_206' title='bbox 615 3002 751 3061; x_wconf 87' lang='lat' dir='ltr'>sitiamus</span> <span class='ocrx_word' id='word_1_207' title='bbox 766 3018 841 3081; x_wconf 87' lang='lat' dir='ltr'>prae</span> <span class='ocrx_word' id='word_1_208' title='bbox 858 3017 965 3060; x_wconf 87' lang='lat' dir='ltr'>amore</span> <span class='ocrx_word' id='word_1_209' title='bbox 977 3000 1042 3059; x_wconf 89' lang='lat' dir='ltr'>eius</span> <span class='ocrx_word' id='word_1_210' title='bbox 1056 3005 1088 3059; x_wconf 87' lang='lat' dir='ltr'>et</span> <span class='ocrx_word' id='word_1_211' title='bbox 1100 2997 1173 3059; x_wconf 91' lang='lat' dir='ltr'>odio</span> 
     </span>
     <span class='ocr_line' id='line_1_30' title="bbox 252 3079 1176 3163; baseline 0.001 -23"><span class='ocrx_word' id='word_1_212' title='bbox 252 3082 335 3140; x_wconf 83' lang='lat' dir='ltr'>vitae</span> <span class='ocrx_word' id='word_1_213' title='bbox 354 3079 447 3141; x_wconf 83' lang='lat' dir='ltr'>huius</span> <span class='ocrx_word' id='word_1_214' title='bbox 467 3087 500 3141; x_wconf 90' lang='lat' dir='ltr'>et</span> <span class='ocrx_word' id='word_1_215' title='bbox 519 3084 615 3144; x_wconf 88' lang='lat' dir='ltr'>nostri</span> <span class='ocrx_word' id='word_1_216' title='bbox 637 3084 733 3163; x_wconf 87' lang='lat' dir='ltr'>ipsius</span> <span class='ocrx_word' id='word_1_217' title='bbox 757 3083 876 3162; x_wconf 86' lang='lat' dir='ltr'>taedio,</span> <span class='ocrx_word' id='word_1_218' title='bbox 903 3080 934 3141; x_wconf 93' lang='lat' dir='ltr'>id</span> <span class='ocrx_word' id='word_1_219' title='bbox 957 3088 1020 3160; x_wconf 84' lang='lat' dir='ltr'>est,</span> <span class='ocrx_word' id='word_1_220' title='bbox 1053 3081 1176 3142; x_wconf 83' lang='lat' dir='ltr'>assidue</span> 
     </span>
     <span class='ocr_line' id='line_1_31' title="bbox 252 3166 849 3245; baseline 0.008 -23"><span class='ocrx_word' id='word_1_221' title='bbox 252 3169 414 3223; x_wconf 86' lang='lat' dir='ltr'>sanantem</span> <span class='ocrx_word' id='word_1_222' title='bbox 436 3166 565 3243; x_wconf 80' lang='lat' dir='ltr'>gratiam</span> <span class='ocrx_word' id='word_1_223' title='bbox 586 3168 714 3245; x_wconf 90' lang='lat' dir='ltr'>eiusque</span> <span class='ocrx_word' id='word_1_224' title='bbox 734 3186 849 3228; x_wconf 76' lang='lat' dir='ltr'>muros.</span> 
     </span>
    </p>
   </div>
   <div class='ocr_carea' id='block_1_7' title="bbox 490 3360 922 3588">
    <p class='ocr_par' dir='ltr' id='par_1_7' title="bbox 490 3360 922 3588">
     <span class='ocr_line' id='line_1_32' title="bbox 639 3360 784 3455; baseline 0.014 -2"><span class='ocrx_word' id='word_1_225' title='bbox 639 3360 784 3455; x_wconf 85' lang='lat' dir='ltr'>Sermo</span> 
     </span>
     <span class='ocr_line' id='line_1_33' title="bbox 490 3510 922 3588; baseline 0.014 -18"><span class='ocrx_word' id='word_1_226' title='bbox 490 3510 540 3571; x_wconf 69' lang='lat' dir='ltr'>aa</span> <span class='ocrx_word' id='word_1_227' title='bbox 562 3510 592 3572; x_wconf 82' lang='lat' dir='ltr'>a.</span> <span class='ocrx_word' id='word_1_228' title='bbox 614 3512 761 3573; x_wconf 62' lang='lat' dir='ltr'>astarte</span> <span class='ocrx_word' id='word_1_229' title='bbox 788 3516 876 3577; x_wconf 84' lang='lat'>1517.</span> <span class='ocrx_word' id='word_1_230' title='bbox 887 3512 922 3588; x_wconf 67' lang='lat'>2)</span> 
     </span>
    </p>
   </div>
   <div class='ocr_carea' id='block_1_8' title="bbox 248 3661 1173 3833">
    <p class='ocr_par' dir='ltr' id='par_1_8' title="bbox 248 3661 1173 3833">
     <span class='ocr_line' id='line_1_34' title="bbox 328 3661 1173 3747; baseline -0.007 -23"><span class='ocrx_word' id='word_1_231' title='bbox 328 3664 529 3727; x_wconf 81' lang='lat' dir='ltr'>Abscondisti</span> <span class='ocrx_word' id='word_1_232' title='bbox 563 3686 601 3727; x_wconf 88' lang='lat' dir='ltr'>ea</span> <span class='ocrx_word' id='word_1_233' title='bbox 635 3666 824 3747; x_wconf 84' lang='lat' dir='ltr'>sapientibus</span> <span class='ocrx_word' id='word_1_234' title='bbox 859 3670 890 3725; x_wconf 88' lang='lat' dir='ltr'>et</span> <span class='ocrx_word' id='word_1_235' title='bbox 927 3661 1173 3743; x_wconf 83' lang='lat' dir='ltr'>iutelIIgentibua.</span> 
     </span>
     <span class='ocr_line' id='line_1_35' title="bbox 248 3744 1171 3833; baseline -0.007 -23"><span class='ocrx_word' id='word_1_236' title='bbox 248 3756 278 3810; x_wconf 89' lang='lat' dir='ltr'>et</span> <span class='ocrx_word' id='word_1_237' title='bbox 299 3746 446 3809; x_wconf 84' lang='lat' dir='ltr'>revolasti</span> <span class='ocrx_word' id='word_1_238' title='bbox 467 3750 618 3833; x_wconf 84' lang='lat' dir='ltr'>parvulis,</span> <span class='ocrx_word' id='word_1_239' title='bbox 651 3750 757 3811; x_wconf 78' lang='lat' dir='ltr'>Matth.</span> <span class='ocrx_word' id='word_1_240' title='bbox 788 3753 836 3812; x_wconf 87' lang='lat'>11.</span> <span class='ocrx_word' id='word_1_241' title='bbox 878 3746 981 3807; x_wconf 85' lang='lat' dir='ltr'>Homo</span> <span class='ocrx_word' id='word_1_242' title='bbox 1003 3744 1171 3805; x_wconf 89' lang='lat' dir='ltr'>abscondit</span> 
     </span>
    </p>
   </div>
   <div class='ocr_carea' id='block_1_9' title="bbox 247 3921 1175 4066">
    <p class='ocr_par' dir='ltr' id='par_1_9' title="bbox 247 3921 1175 4066">
     <span class='ocr_line' id='line_1_36' title="bbox 299 3921 1175 3993; baseline -0.005 -17"><span class='ocrx_word' id='word_1_243' title='bbox 299 3928 332 3989; x_wconf 81' lang='grc'>·)</span> <span class='ocrx_word' id='word_1_244' title='bbox 361 3924 507 3978; x_wconf 85' lang='lat' dir='ltr'>Loescher.</span> <span class='ocrx_word' id='word_1_245' title='bbox 536 3925 559 3991; x_wconf 83' lang='grc' dir='ltr'>Ι,</span> <span class='ocrx_word' id='word_1_246' title='bbox 589 3922 642 3980; x_wconf 74' lang='grc'>740</span> <span class='ocrx_word' id='word_1_247' title='bbox 672 3940 732 3993; x_wconf 89' lang='lat' dir='ltr'>sqq.</span> <span class='ocrx_word' id='word_1_248' title='bbox 781 3922 886 3974; x_wconf 80' lang='lat' dir='ltr'>Watch.</span> <span class='ocrx_word' id='word_1_249' title='bbox 918 3922 1004 3989; x_wconf 78' lang='lat' dir='ltr'>xlx,</span> <span class='ocrx_word' id='word_1_250' title='bbox 1031 3921 1083 3977; x_wconf 78' lang='lat'>944</span> <span class='ocrx_word' id='word_1_251' title='bbox 1116 3936 1175 3991; x_wconf 90' lang='lat' dir='ltr'>sqq.</span> 
     </span>
     <span class='ocr_line' id='line_1_37' title="bbox 247 3996 474 4066; baseline 0 -16"><span class='ocrx_word' id='word_1_252' title='bbox 247 3996 305 4066; x_wconf 78' lang='grc' dir='ltr'>ΧΠ,</span> <span class='ocrx_word' id='word_1_253' title='bbox 323 3996 395 4052; x_wconf 76' lang='grc'>2258</span> <span class='ocrx_word' id='word_1_254' title='bbox 414 4012 474 4066; x_wconf 87' lang='lat' dir='ltr'>sqq.</span> 
     </span>
    </p>
   </div>
   <div class='ocr_carea' id='block_1_10' title="bbox 0 0 1542 4750">
    <p class='ocr_par' dir='ltr' id='par_1_10' title="bbox 0 0 1542 4750">
     <span class='ocr_line' id='line_1_38' title="bbox 0 0 1542 4750; baseline 0 3"><span class='ocrx_word' id='word_1_255' title='bbox 0 0 1542 4750; x_wconf 95' lang='lat' dir='ltr'> </span> 
     </span>
    </p>
   </div>
  </div>
 </body>
</html>
