3075 4750
350 492 415 559 404
652 497 834 553 Prcbctionss
854 496 984 551 coneha.

350 673 411 746 tos,
433 664 583 749 infimos,
603 672 639 727 ut
656 666 752 729 facet
771 669 889 745 iustos„
902 667 1011 747 bonos,
1034 668 1206 750 sopientes,
1227 688 1275 729 ro·

350 749 469 829 hustos,
491 757 525 811 et
544 752 591 814 sic
610 748 709 813 effluit
729 752 844 831 potius,
865 757 897 810 et
917 749 1034 813 bonum
1056 751 1170 813 tribuit.
1198 751 1274 813 ideo

352 834 435 895 enim
457 842 638 913 peccatores
667 842 740 895 suut
759 834 895 914 pulohn',
918 836 990 913 quie
1011 834 1187 916 diliguntur,
1211 853 1274 896 nou

350 915 423 979 ideo
442 915 617 997 diliguntur,
639 918 712 996 quia
730 924 803 977 sunt
823 916 952 996 pulchri,
975 917 1046 979 ideo
1070 937 1159 979 amor
1180 919 1276 978 homi·

351 1000 401 1061 uis
429 998 508 1079 fugit
527 1006 725 1080 peccatores,
747 998 865 1079 melos,
899 1002 944 1061 sic
965 1001 1103 1062 Christus
1111 999 1165 1083 *):
1204 1001 1275 1062 Non
1389 1050 1390 1075 ,

351 1083 543 1143 senivocsre
564 1084 672 1161 iustos,
693 1082 748 1144 sed
772 1090 962 1163 peccatores.
984 1082 1026 1145 Et
1045 1086 1104 1145 iste
1125 1091 1174 1144 est
1186 1103 1277 1155 emor
1389 1082 1390 1103 ¹

352 1166 450 1227 crucis
467 1184 508 1227 ex
529 1183 620 1227 cruce
640 1174 747 1245 ustus,
769 1168 821 1245 qui
843 1166 916 1227 illuc
938 1186 1009 1228 sese
1030 1168 1188 1245 condent,
1211 1186 1275 1229 nou
1389 1200 1390 1221 i

352 1246 403 1309 nbi
434 1248 551 1309 invenit
580 1249 712 1326 bouum,
742 1268 804 1328 quo
832 1250 965 1327 fruatur,
997 1250 1053 1311 sed
1075 1250 1126 1311 ubi
1158 1250 1276 1312 bonum

353 1330 493 1391 conferet
524 1332 606 1392 melo
636 1340 669 1392 et
698 1352 811 1412 egeno.
854 1333 978 1393 Bestius
1008 1341 1056 1394 est
1081 1335 1163 1394 cuim
1192 1334 1277 1411 dere,

352 1431 443 1493 quom
455 1416 606 1496 accipere,
628 1417 672 1475 ait
691 1414 928 1499 apostolus**).
973 1416 1063 1477 Unde
1084 1417 1198 1479 Psalm.
1220 1419 1277 1480 41:

352 1497 466 1558 Beatus
497 1499 549 1577 qui
579 1498 723 1579 intelligit
749 1514 850 1579 super
883 1519 1014 1580 egenum
1045 1508 1077 1561 et
1097 1520 1277 1580 pauperem.

352 1580 429 1641 Gom
463 1587 565 1643 temen
597 1580 751 1643 obiectsnn
784 1583 957 1647 intellectus
993 1584 1174 1644 naturaliter
1208 1602 1277 1644 esse
1389 1642 1390 1651 ,

351 1682 416 1726 non
436 1665 551 1744 possit,
576 1664 609 1728 id
629 1664 713 1744 quod
735 1665 810 1725 nihil
832 1674 895 1742 est,
917 1666 948 1725 ld
972 1674 1032 1745 est,
1062 1686 1197 1747 pauper,
1227 1660 1285 1728 vel'
1389 1672 1390 1735 l

353 1766 499 1828 egenum,
523 1747 577 1807 sed
600 1749 694 1824 entis,
716 1750 796 1826 veri,
819 1748 909 1825 boni,
939 1749 1010 1810 ideo
1032 1749 1147 1821 iudicat
1169 1770 1277 1811 secun·

353 1829 425 1891 dum
446 1831 568 1907 sociem,
590 1838 622 1892 et
641 1831 755 1911 sccipit
775 1850 940 1911 porsonam
956 1833 1125 1911 hominum,
1147 1841 1180 1894 et
1201 1834 1277 1893 iudi-

353 1920 403 1976 cat
424 1912 592 1975 secuudum
613 1934 652 1977 es
672 1934 753 1994 quse
775 1923 883 1995 petent
904 1923 968 2005 etc,

718 2106 903 2125 *m

382 2282 680 2389 Resolnticnss
710 2286 891 2384 duarum
919 2284 1238 2387 conclusionum

631 2401 677 2495 iu
706 2399 1002 2522 disputatione

373 2572 717 2683 heidelbergensi
740 2571 777 2663 l).
798 2603 905 2669 Mart.
929 2605 1099 2681 Lutheri,
1124 2557 1253 2688 l518.¹)

435 2736 521 2829 Duce
545 2774 711 2848 sequentes
734 2769 950 2830 conclusiones
973 2773 1070 2852 magis
1094 2771 1167 2832 suut
1189 2773 1276 2833 theo-

353 2852 475 2933 logicae
497 2871 587 2931 quam
609 2852 853 2932 philosophicae,
896 2854 1031 2936 ideoque
1052 2857 1120 2934 ipse
1143 2875 1196 2916 eas
1219 2857 1277 2916 Lu-

354 2934 457 2996 thcrus
478 2936 560 2996 solas
585 2939 677 3015 (prce
704 2934 945 3019 philosophicis)
975 2938 1138 2998 illustravit
1159 2941 1277 3000 resolu·
1389 2997 1390 3020 ,

352 3017 498 3080 tionibus.
541 3020 647 3098 ltaque
672 3019 779 3078 harum
813 3019 939 3079 duarum
968 3020 1202 3082 conclusionum
1232 3044 1277 3082 re-

354 3099 526 3163 solutiones
548 3108 620 3162 sunt
640 3102 678 3162 Ι).
699 3101 820 3162 Martini
842 3103 928 3164 Luth.

631 3237 805 3301 Undecimo
825 3241 995 3300 conclusio.

436 3353 496 3429 Qui
526 3355 595 3414 sine
621 3356 758 3436 periculo
786 3357 871 3418 volet
897 3359 928 3417 in
950 3357 1119 3419 Aristotele
1140 3357 1277 3437 philoso-

354 3438 475 3582 iffi&
497 3450 626 3498 necessa
658 3446 705 3500 est
738 3445 772 3499 ut
805 3447 877 3501 ante
910 3441 990 3502 bene
1023 3439 1217 3501 stultificetu'r
1246 3443 1277 3501 in

437 3571 534 3666 nlius
567 3606 645 3666 ano
667 3607 801 3685 pnmat
826 3607 1095 3670 contuntur:
1140 3607 1176 3668 si·
1209 3609 1276 3688 quis

354 3688 715 3793 intervosvultsapiens
728 3708 798 3750 esse
810 3693 840 3752 in
863 3691 923 3751 hoo
945 3690 1060 3765 sesols,
1079 3691 1191 3751 'stultus
1215 3691 1278 3771 liat,

411 3927 441 3995 ·)
461 3928 555 3982 Metth.
579 3931 604 3985 9.
639 3929 687 3993 '')
708 3930 789 3986 Aeto.
808 3931 852 3986 20.

410 3999 442 4065 1)
463 3999 600 4070 Buddeus,
619 4001 715 4070 Suppl.
734 4002 802 4071 Epp.
822 4003 900 4056 Luth.
922 4020 949 4073 p.
969 4004 1031 4061 297.
