3075 4750
344 480 407 553 wi
669 484 818 547 Suana
836 484 961 575 ΙιιιιιιιιΙ

345 656 574 740 relinquentes?
615 654 761 719 modun
783 656 866 719 euim
893 661 986 735 atque
1011 660 1187 737 purgatam.
1202 655 1263 719 aui·

346 741 515 805 mrmvult
534 740 689 817 Christum
710 758 786 819 ergo
808 738 887 803 dixit
902 739 1007 803 Petro:
1050 737 1265 820 Quodounqus
1368 758 1369 761 ¹

345 826 490 907 ligabitur
509 842 603 904 snper
622 830 752 901 terram,
774 822 833 885 erit
853 829 885 885 et
905 822 1032 903 ligatum
1052 824 1085 883 in
1108 822 1209 901 welo,
1235 829 1266 887 et

346 908 551 990 quodeunque
583 906 720 970 solvetur
757 906 789 967 in
830 913 928 984 terra,
968 906 1026 967 erit
1061 906 1196 969 solutum
1234 908 1265 969 iu

345 991 453 1053 eoelo:
484 1009 549 1051 nou
575 995 610 1051 ιιι
637 989 747 1051 summi
767 988 930 1069 pontifloes
952 989 1017 1053 irae
1037 1008 1107 1050 oum
1129 988 1266 1069 quodum

345 1076 461 1154 impetn
481 1073 678 1135 aoviolentia
695 1070 804 1154 e‘gere:
827 1072 907 1135 Proh
925 1072 1030 1134 dolorl
1052 1072 1135 1153 quod
1155 1073 1267 1135 summi

344 1158 417 1218 looo
439 1157 542 1218 soletii
561 1155 651 1219 nobis
672 1154 779 1217 dotum
801 1162 858 1233 eat,
879 1155 911 1217 id
932 1157 994 1217 iam
1016 1162 1113 1217 terror
1129 1163 1162 1217 et
1174 1157 1268 1217 timor

344 1240 459 1303 fantum
491 1247 553 1301 eat:
592 1238 674 1300 donn
708 1254 779 1299 man
812 1238 896 1299 kann
925 1241 1005 1319 jetat
1025 1238 1085 1299 und
1108 1239 1195 1301 nieht
1215 1258 1267 1300 an-

347 1323 417 1383 ders
446 1322 526 1385 deun
550 1320 727 1383 verflnobeu
754 1321 817 1383 und
843 1321 1032 1385 verbouuen.
1079 1322 1113 1385 Id
1142 1334 1269 1401 quoque

345 1406 436 1468 nobis
461 1406 577 1467 dietum
598 1412 661 1484 eat,
691 1424 726 1466 ea
751 1405 809 1485 gilt
837 1424 905 1467 nna.
939 1405 1045 1467 'Nune
1073 1405 1175 1483 dieas,
1205 1406 1268 1467 iarn

346 1496 410 1551 tarn
431 1490 592 1552 oontessus
613 1495 645 1549 et
665 1488 815 1551 enutritus
838 1504 915 1564 suro,
936 1494 1000 1551 tam
1021 1490 1269 1568 omniapeoontu

346 1592 418 1634 meo
444 1572 640 1653 indulgentur
666 1570 749 1634 mihi.
792 1571 847 1633 Bei
867 1570 940 1631 Loib
968 1570 1062 1635 nieht.
1105 1570 1268 1633 Venenum
1370 1602 1371 1653 l

345 1656 378 1717 id
411 1664 459 1718 est
486 1663 580 1735 atque
607 1655 752 1732 exitinm3
784 1653 885 1717 solum
914 1654 1005 1715 orode
1036 1654 1147 1733 verbo,
1183 1653 1268 1734 quod
1370 1656 1371 1691 l

345 1740 421 1801 dioit
441 1737 588 1810 sacerdos
605 1738 637 1798 iu
659 1736 870 1816 absolutione,
902 1745 936 1797 ιιι
961 1756 1019 1799 neo
1046 1756 1104 1799 suo
1120 1738 1192 1801 ‘nee
1214 1744 1268 1801 tuo

345 1824 454 1883 merito
485 1821 675 1883 absolvatur.
726 1820 761 1881 ln
795 1819 857 1881 fide
889 1826 938 1883 est
968 1819 1140 1899 oonsasai03
1176 1840 1269 1881 varus

214 1956 222 1981 Ι
345 1906 428 1967 enim
457 1904 621 1985 poenitens
657 1903 757 1966 nosoit
783 1922 817 1964 se
854 1904 1029 1984 poenitere,
1059 1922 1135 1985 ergo
1170 1903 1269 1965 multo

345 1990 446 2049 urinas
467 1985 628 2064 saoerdos‚
658 2005 698 2047 ex
719 2005 848 2065 quorum
870 2004 998 2049 numero
1018 1986 1144 2067 quidem
1165 1986 1267 2047 solum
1371 2046 1372 2061 ,

345 2090 403 2131 eos
423 2070 534 2131 volunt
557 2068 736 2145 absolvere,
764 2088 843 2149 quoa
864 2068 971 2131 vident
998 2068 1079 2132 bene
1099 2070 1268 2131 enutritos:
1371 2076 1372 2085 ’

346 2154 412 2214 Aua
434 2154 491 2215 mit
510 2152 627 2213 deuon!
661 2151 735 2213 ldeo
757 2152 885 2215 mittitur
900 2152 1035 2233 angelus
1056 2152 1106 2213 vol
1128 2152 1269 2213 Christis

344 2256 533 2317 praeparana
554 2236 651 2314 mem,
673 2235 826 2295 mundana
846 2235 943 2297 oordo
963 2242 1085 2314 uostra3
1111 2242 1144 2297 et
1165 2236 1269 2296 statim

345 2321 449 2382 veniet
483 2319 675 2396 dominator,
706 2319 793 2398 quasi
827 2316 957 2382 dioeret:
1001 2316 1097 2383 sono
1122 2317 1199 2380 wird
1236 2336 1271 2380 er
1372 2365 1373 2392 ι

345 2405 431 2465 niobt
460 2404 622 2479 kommen,
654 2422 688 2463 es
717 2421 800 2463 muas
826 2402 935 2464 vorhin
963 2403 1028 2464 r'ein
1060 2402 1136 2464 sein.
1184 2403 1271 2466 Eone
1372 2413 1373 2416 ’

345 2488 443 2566 venit,
466 2486 541 2548 dioit
558 2486 722 2548 Dominus:

367 2675 414 2735 Ει
441 2673 528 2755 quis.
546 2673 697 2754 poterit
723 2673 901 2800 oogitqre
929 2671 1028 2734 diem
1049 2671 1245 2734 adventus

754 2775 854 2816 erus.

430 2894 566 2956 Christus
589 2895 730 2956 nimirum
752 2893 899 2958 adveniet
918 2895 976 2974 ite,
1007 2902 1040 2958 ut
1061 2895 1188 2976 quilibet
1217 2915 1271 2958 ne-

346 2980 433 3057 seiat,
455 2997 526 3038 eum
546 2977 666 3040 adosse.
700 2977 870 3042 Contendit
890 2978 1021 3059 singule,
1043 2986 1078 3040 ut
1097 2979 1142 3040 illi
1166 2978 1272 3040 videa-

347 3069 396 3123 tur
418 3060 549 3141 perditio
569 3060 722 3141 quaedam
742 3067 838 3140 atque
858 3061 1024 3126 calamitas
1039 3081 1151 3143 magna
1175 3053 1271 3124 adie-

346 3145 422 3206 nire.
471 3143 577 3205 Simile
608 3152 655 3206 est
686 3144 737 3204 bio
767 3162 903 3206 erassum
934 3145 965 3206 in
997 3145 1082 3226 ligno
1115 3145 1270 3208 tornatili:

347 3228 463 3308 lignum
480 3229 543 3288 iam
564 3236 671 3288 notum
699 3247 740 3287 ao
765 3243 924 3288 enormem
950 3227 1112 3288 rotundam
1141 3235 1274 3288 naturae

345 3309 475 3391 liguram
497 3309 630 3371 babens:
653 3309 739 3370 taber
757 3317 862 3373 eutem
884 3310 1030 3391 lignarius
1052 3309 1189 3388 eoeedit,
1210 3311 1273 3390 pri-

345 3413 430 3454 mum
461 3393 540 3454 latus
567 3412 660 3454 nuum
687 3391 849 3472 depluunt,
882 3392 997 3456 dehine
1030 3399 1132 3454 autem
1162 3411 1273 3456 seeun-

347 3476 439 3553 dum;
459 3483 491 3538 et
512 3477 537 3536 si
559 3476 676 3556 liguum
699 3475 783 3554 loqui
805 3485 928 3556 posset,
950 3476 1023 3556 quid
1045 3475 1114 3538 via?
1140 3475 1274 3540 dioeret:

345 3559 551 3638 responderet
587 3557 687 3634 faber,
727 3564 916 3638 octogonum
950 3557 1065 3640 liguum
1099 3577 1139 3620 ex
1174 3565 1205 3622 to
1240 3567 1276 3620 ut

347 3643 473 3702 faciam:
532 3642 635 3720 Mitte,
673 3639 878 3720 responderet
920 3642 1035 3724 lignum
1069 3640 1188 3724 denuo,
1232 3661 1274 3702 ex

348 3744 419 3785 asse
441 3726 610 3804 corrumpis
631 3743 691 3802 me,
712 3724 774 3784 iam
797 3724 880 3784 enim
897 3726 949 3786 vix
964 3724 1043 3786 duos
1056 3724 1157 3785 hobeo
1176 3745 1275 3810 engu-

348 3807 407 3870 los.
451 3807 502 3869 Sio
530 3808 622 3867 etiem
657 3807 688 3867 in
716 3806 842 3867 bomine
868 3815 931 3886 eat,
965 3815 999 3868 ut
1030 3808 1130 3905 primo
1158 3808 1275 3870 intuitu

347 3889 486 3952 videatur
511 3910 602 3952 oorru
625 3891 668 3952 tio
697 3889 809 3952 adesso
836 3898 868 3954 et
895 3890 1080 3974 destruobo,
1110 3909 1184 3974 ergo
1213 3913 1277 3956 nee

348 3975 451 4054 oogita
471 3973 554 4034 diem
616 3980 725 4034 ventus
748 3973 821 4034 eina.
