3075 4750
576 502 602 543 ι.
622 486 693 547 nn
710 486 807 546 nnis.
871 539 878 553 ,
1114 478 1175 551 201

255 674 378 720 snrnrnn
396 657 561 739 iniqffl,
587 677 709 721 summe
727 660 880 741 sepientis
899 676 1021 721 summo
1040 656 1178 737 stultitia,

255 750 288 802 et
306 742 440 802 omnino
462 748 631 803 extrenum
645 742 790 823 quodque
808 742 842 803 fit
857 743 992 805 omniurn
1007 750 1178 804 extremum

256 832 288 884 et
308 826 376 885 eins
397 825 567 885 maximnm
594 826 772 905 pericnlum.
817 827 911 887 Vario
938 827 1067 891 nuntio
1094 824 1182 887 nullo.

256 908 406 980 tentatio,
443 926 565 968 summe
598 907 730 971 nnbntio
764 928 884 972 summa
916 928 994 989 pax,
1028 927 1180 971 summum

254 997 417 1071 pennatum
446 1005 567 1051 summe
593 991 724 1068 iustitis,
756 1011 877 1054 summo
906 992 1036 1053 stultitia
1060 1010 1182 1053 summo

256 1074 424 1154 sepientis,
447 1075 520 1153 quin
539 1074 572 1133 in
591 1074 654 1135 illis
673 1076 785 1137 stultns
806 1075 937 1155 quiescit
958 1076 988 1137 in
1010 1095 1044 1137 se
1067 1074 1180 1139 oblitus

254 1157 327 1236 Dei,
360 1158 392 1217 in
420 1157 487 1217 istis
516 1155 651 1237 prudens
680 1158 825 1238 relinquit
856 1178 889 1219 ss
918 1166 949 1219 et
977 1159 1113 1239 confugit
1139 1154 1181 1219 ed

254 1240 364 1301 Deum.
408 1240 443 1300 ln
466 1256 501 1301 se
521 1246 625 1300 sutem
646 1243 805 1320 qniesoere
826 1249 857 1303 et
879 1242 936 1303 Dei
952 1241 1091 1303 oblivisci
1116 1260 1181 1321 ont«

255 1323 338 1383 nium
360 1323 513 1384 maiorum
534 1324 656 1384 sentino
677 1333 733 1401 est,
755 1326 786 1386 in
808 1326 907 1388 Deum
928 1333 1031 1387 antem
1053 1324 1181 1385 tendere

253 1413 301 1466 est
321 1424 447 1467 sommo
464 1406 602 1467 omnium
624 1406 785 1469 bonorum.
820 1408 907 1469 Siout
923 1408 958 1469 B.
978 1408 1043 1470 Jso.
1061 1411 1180 1488 osp.1:

254 1508 348 1549 omne
369 1487 515 1568 goudium
538 1489 714 1552 existimate
734 1491 861 1570 iratres,
893 1510 961 1555 oum
985 1492 1015 1553 in
1038 1491 1181 1555 tentatio·

254 1591 310 1633 nes
326 1572 431 1631 varies
451 1571 635 1650 iuoideritis3
657 1579 689 1633 et
704 1580 827 1635 contro:
855 1574 947 1655 Agite
962 1594 1044 1635 nuno
1060 1574 1181 1652 divites,

253 1655 376 1734 plorate
391 1661 422 1714 et
437 1654 552 1715 ululate
571 1654 603 1714 in
624 1657 753 1717 miseriis
772 1658 880 1717 vestris
902 1664 961 1721 eto.
989 1656 1029 1719 Et
1043 1657 1111 1719 Issi.
1125 1659 1180 1720 47:

253 1738 294 1797 lit
315 1755 401 1798 nuno
421 1737 493 1798 endi
515 1736 648 1802 delicata
669 1745 701 1800 et
728 1759 809 1819 quse
837 1740 958 1801 habites
980 1739 1184 1817 oonfidenter,

255 1839 336 1899 qnos
366 1819 445 1881 diois
464 1821 496 1881 in
519 1818 614 1883 nonio
635 1829 706 1898 tuo,
737 1842 798 1903 ego
828 1842 895 1883 sum
922 1830 954 1887 et
982 1831 1104 1903 praeter
1131 1842 1182 1886 ins

254 1923 317 1964 non
340 1910 391 1964 est·
412 1902 525 1980 attero,
554 1922 617 1965 nnn
646 1904 764 1969 sedebo
785 1904 878 1967 viduo
899 1915 930 1967 et
949 1906 1101 1987 ignorabo
1122 1912 1182 1969 ste·

254 1987 411 2047 rilitntem.
454 1986 588 2048 Venient
609 1986 664 2048 tibi
686 1988 748 2049 dno
769 1989 848 2049 bone
869 1989 970 2051 subito
996 1991 1027 2051 in
1050 1990 1100 2051 die
1121 2009 1182 2054 una

176 2113 180 2117 r
254 2069 402 2129 sterilitas
424 2077 456 2129 et
475 2068 619 2146 viduitas,
640 2076 672 2131 ot
692 2071 759 2133 Ps.:
782 2072 886 2134 veniet
904 2080 1038 2153 superte
1054 2079 1183 2153 repento

254 2154 394 2228 miseris,
418 2171 509 2231 qnnm
531 2154 639 2215 nostis

338 2234 443 2310 Quare
463 2235 542 2297 bens
563 2234 687 2315 nobem,
711 2237 820 2317 quibus
842 2239 1012 2319 irrumpunt
1031 2258 1130 2319 oquoe
1151 2239 1182 2301 in

255 2319 360 2380 norim
385 2337 483 2397 soom,
506 2319 577 2399 quio
599 2327 762 2382 moventur
783 2320 822 2382 sd
845 2321 993 2386 nuxiliurn
1009 2322 1068 2384 Dei
1090 2340 1181 2402 quae

255 2401 396 2463 rendum.
445 2401 486 2462 Et
511 2402 626 2464 idcireo
663 2402 751 2479 vide,
786 2405 943 2484 quomodo
981 2405 1118 2468 Christus
1150 2405 1182 2466 in

257 2485 402 2546 omnibns
434 2491 571 2546 nostrum
604 2485 719 2547 luorum
753 2489 889 2567 quaerit,
926 2495 957 2550 et
989 2489 1080 2548 etism
1110 2486 1182 2550 dum

258 2567 373 2629 dormit
392 2566 484 2628 nobie
504 2569 608 2646 servit,
630 2568 702 2630 dnm
718 2570 866 2650 relinquit
877 2590 935 2632 nos
951 2571 1089 2650 suscipit,
1110 2569 1182 2632 dum

258 2652 331 2711 sinit
351 2650 500 2730 procellis
522 2650 653 2731 turbari,
686 2654 779 2713 etiam
809 2660 982 2735 promovet
1025 2652 1183 2733 Siquidem

258 2753 312 2813 per
338 2733 420 2794 bnon
443 2741 613 2813 ‘operatum
645 2754 708 2799 non
739 2744 773 2796 nt
798 2756 978 2816 pereamus,
1005 2736 1060 2798 sed
1075 2743 1123 2805 ¹ut
1143 2736 1184 2800 ad

257 2818 359 2896 ipsum
380 2825 579 2895 moriemur,
601 2824 635 2878 nt
653 2819 752 2899 magis
775 2838 813 2880 no
827 2821 926 2900 magis
948 2819 1071 2883 assidue
1085 2820 1183 2882 solve·

259 2919 333 2960 nior.
379 2899 454 2959 Vult
474 2901 556 2960 enim
580 2900 717 2962 excitare
738 2903 785 2961 sui
809 2903 839 2962 in
870 2901 960 2964 nobis
988 2902 1183 2982 desiderium,

258 2989 291 3042 ut
310 2982 481 3042 olamemns
502 3002 610 3064 porro:
640 2981 782 3045 Olnmsre
804 3003 861 3046 nos
885 2986 949 3046 vult
970 2993 1003 3047 nt
1024 2986 1183 3064 exaudint3

259 3065 407 3125 exaudire
428 3063 503 3136 vult,
525 3072 559 3126 ut
579 3065 687 3141 solvet,
708 3085 747 3129 no
768 3067 813 3126 sio
831 3068 950 3129 erudiet
966 3089 1023 3130 nos
1042 3069 1080 3129 de
1094 3069 1183 3130 nobis

259 3146 399 3208 diffidere
429 3154 460 3208 et
484 3149 515 3208 in
544 3150 643 3228 ipsum
672 3149 838 3211 confidere.
880 3150 976 3232 quue
1005 3171 1077 3214 vere
1106 3153 1185 3213 siout

259 3230 348 3291 dicit:
391 3229 462 3311 Ego
487 3231 596 3292 oooido
619 3238 651 3292 et
671 3231 814 3310 viridem
843 3233 872 3294 h.
896 3255 922 3294 e.
946 3236 1027 3315 quod
1050 3235 1099 3296 hio
1121 3254 1183 3296 sus

260 3314 354 3373 nitere
385 3313 496 3374 dieitur
525 3313 661 3390 liberari,
694 3315 840 3376 doeemur
873 3337 966 3398 ergo,
1000 3318 1085 3399 quod
1115 3317 1183 3378 dor-

259 3397 374 3456 miente
410 3397 555 3475 perimus.
607 3397 688 3459 Nnnr
719 3399 768 3460 oni
797 3419 859 3462 non
895 3400 1009 3472 dormit
1036 3401 1182 3477 Christus,

259 3498 322 3539 non
351 3480 446 3558 perit:
481 3480 531 3558 qui
565 3499 627 3539 non
652 3483 746 3560 perit,
781 3501 843 3542 non
872 3483 999 3557 elamat,
1034 3485 1084 3563 qni
1118 3502 1181 3544 non

257 3561 388 3640 elamet,
422 3579 486 3624 non
513 3562 691 3642 exanditnr3
722 3565 773 3644 qui
803 3585 865 3628 non
899 3566 1091 3644 exauditor„
1105 3565 1181 3626 nihil

259 3645 388 3723 nooipit3
422 3646 475 3723 qni
505 3642 581 3707 nibil
614 3647 741 3728 nooipit,
778 3644 851 3710 nihil
883 3647 993 3727 habet3
1025 3649 1075 3730 qui
1108 3646 1183 3708 nihil

258 3725 368 3803 habet,
402 3726 523 3806 peribit.
570 3727 660 3789 Unde
688 3730 738 3807 tit,
765 3737 800 3791 ut
827 3733 878 3810 qui
904 3751 967 3792 non
999 3729 1079 3810 perit
1110 3749 1183 3791 vere

259 3817 383 3888 pereat,
404 3816 436 3870 et
457 3812 508 3873 nni
526 3811 676 3872 Dominus
698 3833 760 3874 non
784 3813 911 3891 dormit,
933 3833 1006 3874 vere
1028 3833 1182 3892 nunqnam

260 3895 289 3951 ei
311 3892 427 3972 vigilet
469 3892 566 3974 igion·
586 3893 700 3972 dormi,
729 3897 861 3959 Domine
882 3897 972 3976 Jesn,
1001 3903 1035 3958 ut
1056 3896 1202 3978 vigiles3'

259 3983 292 4036 et
313 3974 381 4036 sine
401 3976 518 4056 perire,
538 3984 574 4038 ut
592 3977 695 4040 solves
713 3997 786 4043 nos.
