3075 4750
613 487 640 530 a.
658 426 842 541 tortusue.
1087 421 1090 424 Ι
1125 473 1186 540 135

257 649 289 703 et
320 649 501 706 reverenter
535 641 652 704 heberi.
706 642 921 706 Sanctificetur
960 651 1065 706 eutem
1109 645 1184 706 mul·

219 784 225 795 ,
256 727 294 787 tis
335 725 456 803 modis,
503 727 582 787 siout
628 734 737 788 eontra
783 734 815 788 et
860 726 1018 806 polluitur.
1083 728 1184 789 Primo

256 809 328 868 dum
371 809 501 890 indigne
549 809 625 870 illud
665 816 842 889 portamus,
890 803 1009 872 seilioet
1059 810 1185 892 indigne

255 898 287 952 et
315 894 448 972 turpiter
477 893 634 969 viventes,
669 911 738 952 eum
772 893 811 952 sit
845 911 959 952 nomen
993 895 1064 955 eius·
1096 895 1183 955 invo-

254 982 359 1035 eatum
380 995 474 1057 super
494 994 573 1053 nos,
610 982 643 1036 ut
662 983 752 1054 sunt,
787 977 838 1054 qui
875 977 1011 1054 peooetis
1048 979 1185 1038 serviunt

194 1099 198 1103 -
255 1059 481 1136 exterioribus,
527 1059 636 1138 quibus
676 1058 764 1118 dioit:
813 1057 918 1120 Senoti
956 1066 1074 1138 estote,
1108 1079 1183 1138 quo-

254 1143 340 1202 uiem
373 1161 435 1223 ego
474 1147 598 1202 senetur
631 1160 709 1203 sum.
760 1139 904 1202 Secundo
940 1143 1039 1222 mugio
1073 1143 1184 1222 pollui·

255 1232 338 1303 turs
356 1223 431 1284 dum
465 1224 555 1285 nobis
585 1222 661 1284 illud
702 1243 900 1304 arrogamus,
934 1229 968 1283 ut
1001 1230 1088 1304 sunt,
1129 1227 1181 1304 qui

253 1312 364 1368 ssnote
401 1308 524 1384 vivunt,
564 1313 673 1367 eontra
705 1315 738 1367 et
773 1308 855 1368 intus
894 1306 1075 1386 superbiunt
1122 1309 1181 1368 sibi

253 1392 325 1450 iusti
353 1409 395 1450 ae
414 1390 528 1466 sensti,
559 1409 623 1451 non
645 1389 867 1467 vendicantes,
900 1409 969 1449 oum
992 1390 1076 1450 solus
1099 1391 1183 1451 Deus

254 1474 351 1534 iustus
387 1478 421 1533 et
452 1480 578 1532 senetus
613 1473 663 1533 sit
709 1472 757 1533 llli
795 1473 907 1551 itaque*
927 1491 1043 1534 nornen
1074 1473 1132 1532 Dei
1164 1492 1184 1533 e

254 1576 289 1616 se
317 1555 494 1635 repellunt,
525 1555 557 1616 hi
584 1575 605 1614 s
626 1556 694 1615 Deo
715 1555 872 1625 auferunt,
889 1555 943 1616 illi
964 1555 1074 1615 volunt
1093 1575 1183 1615 seno·
1266 1565 1271 1577 '

254 1639 377 1715 tilioari,
399 1639 432 1698 hi
452 1638 561 1698 volunt
580 1639 681 1700 Deum
702 1657 765 1700 non
794 1637 995 1712 sanctificari,
1017 1637 1061 1697 illi
1083 1637 1123 1697 ed
1143 1639 1181 1698 si-

253 1723 387 1782 nistram
409 1721 525 1797 vivunt,
547 1721 579 1781 hi
601 1719 642 1781 ml
663 1720 819 1799 dextram,
848 1721 892 1780 illi
914 1722 1004 1780 nimis
1032 1721 1183 1782 recedunt

254 1825 273 1865 e
294 1805 472 1883 sanolitste,
493 1804 525 1863 hi
545 1805 637 1873 nimis
657 1823 677 1862 a
696 1804 885 1883 pollutione,
915 1803 976 1882 illi,
1006 1810 1073 1864 utut
1093 1803 1182 1864 lieuit

255 1887 333 1964 lieri,
356 1887 445 1966 nihil,
466 1886 498 1946 hi
519 1893 623 1948 nutem
647 1887 754 1948 omniu
768 1887 863 1947 etiem
876 1887 960 1946 Deus
977 1887 1089 1954 ¹volunt
1101 1907 1181 1948 esse.
1281 1885 1282 1890 ’

253 1971 359 2032 lledia
381 1971 434 2030 vie
453 1970 558 2048 itaque
578 1969 714 2030 tenende
735 1975 796 2047 est,
826 1969 993 2030 seeundum
1015 1969 1108 2048 illud,
1141 1990 1182 2030 ue

254 2055 296 2114 sis
316 2054 412 2113 nimis
433 2053 551 2130 iustus,
567 2053 629 2114 hoo
649 2051 785 2112 medium
807 2058 911 2114 autem
941 2061 1004 2125 est,
1034 2052 1197 2132 interpol-¹

254 2136 353 2196 lutum
376 2142 409 2195 et
431 2135 579 2196 mundum
600 2136 793 2212 consistere,
825 2154 862 2194 ee
884 2143 1025 2196 neutrum
1047 2155 1081 2196 se
1111 2155 1181 2196 esse

255 2219 346 2295 velle,
369 2218 521 2298 pollutum
542 2219 650 2299 fugere
663 2224 708 2278 ‘et
737 2218 881 2293 horrere,
909 2223 1049 2278 sanetum
1077 2226 1179 2279 eutem

255 2301 434 2362 desiderare
455 2308 488 2362 et
508 2320 667 2381 quaerere,
688 2301 793 2360 eosic
814 2307 976 2380 utrumque
994 2301 1180 2381 abnegatum

256 2393 413 2446 ettamen
435 2386 468 2445 in
490 2386 647 2465 utriusque
667 2386 906 2465 participatione
928 2402 1017 2461 esse,
1051 2384 1107 2444 sed
1134 2404 1181 2443 re·

255 2475 364 2548 speetu
380 2467 591 2530 immunditiae
613 2468 760 2527 mundum
783 2487 868 2546 esse,
903 2474 935 2527 et
954 2466 1080 2526 inferius
1102 2485 1170 2525 eam

257 2551 444 2630 relinquere,
465 2559 610 2631 respeotu
632 2550 800 2611 munditiae
822 2549 1010 2610 immundum
1033 2568 1120 2625 esse,
1152 2554 1185 2608 et

257 2653 326 2694 earn
359 2652 545 2712 quaerere,
562 2654 644 2713 quoe
674 2633 760 2693 solus
781 2634 865 2694 Deus
899 2639 955 2694 est.
1000 2631 1070 2692 Non
1099 2632 1182 2691 enim

257 2716 322 2777 fieri
344 2736 404 2777 nos
424 2715 575 2794 mundos,
607 2716 662 2785 sed
686 2736 834 2796 quaerere
856 2714 1068 2776 tantummodo
1092 2734 1176 2774 muu-

258 2799 363 2859 ditiom
393 2805 534 2879 oportet,
567 2800 647 2859 siout
678 2819 740 2859 ιιοιι
771 2805 896 2878 oportet
923 2798 990 2858 lieri
1017 2798 1117 2858 Deu'm
1153 2804 1184 2858 et

259 2889 362 2943 temen
385 2882 503 2943 hebere
524 2888 557 2941 et
576 2901 724 2961 quaerere
744 2882 862 2941 Deum:
893 2882 936 2941 ite
962 2900 1024 2941 non
1048 2899 1118 2941 sese
1140 2881 1184 2941 iu-

259 2966 385 3041 sutiam,
407 2964 465 3025 sed
486 2983 556 3025 eern
578 2966 685 3025 esuriri
706 2972 739 3025 et
760 2965 838 3024 sitiri
860 2970 999 3043 oportet,
1027 2965 1079 3043 qui
1101 2966 1183 3025 enirn

258 3067 319 3109 non
342 3049 419 3125 sitit,
439 3046 526 3108 velut
547 3055 631 3108 satur
657 3049 688 3107 in
720 3067 755 3107 se
775 3048 844 3127 ipso
867 3048 972 3125 utique
994 3066 1028 3113 se
1050 3066 1119 3108 esse
1139 3048 1182 3107 iu-

259 3132 374 3192 stitiam
410 3128 638 3208 quodammodo
673 3137 769 3210 putat.
811 3130 933 3205 Tertio,
964 3129 1087 3209 quando
1119 3150 1182 3191 nou

259 3215 330 3275 sets
354 3219 533 3274 reverenter
552 3213 691 3291 habetur,
713 3220 747 3273 ut
768 3212 807 3273 de
828 3212 983 3291 reliquiis,
1006 3213 1183 3293 exemplum

258 3296 361 3357 datium
384 3302 450 3374 est,
482 3301 517 3356 ιιι
544 3314 615 3357 oum
644 3316 706 3357 non
736 3292 812 3356 satit
833 3303 1010 3356 reverenter
1030 3296 1104 3355 illud
1128 3315 1181 3356 no·

258 3381 370 3457 minet,
400 3380 532 3459 cogitat,
565 3385 683 3440 treotat.
726 3379 766 3439 Et
793 3380 824 3437 in
854 3377 996 3439 omnibus
1038 3378 1183 3458 gradibus

259 3469 328 3522 sunt
342 3480 464 3539 omnes,
478 3461 532 3521 sed
546 3462 716 3542 ignosoitur
734 3461 835 3523 solum
852 3460 923 3539 illis,
939 3462 991 3539 qui
1008 3467 1183 3541 agnoscunt

260 3562 329 3607 sese
350 3546 383 3604 in
407 3543 468 3605 illis
491 3563 571 3620 esse,
592 3552 625 3605 et
645 3551 737 3607 orent
757 3545 858 3625 ipsum
881 3542 1075 3605 senetifieeri.
1107 3542 1182 3615 Quis

259 3628 338 3687 enim
362 3633 426 3687 tem
453 3632 578 3688 sanetus
607 3636 639 3687 et
668 3626 817 3704 mundus,
847 3633 881 3687 ιιι
912 3626 1005 3707 digne
1043 3627 1188 3685 nomine-¹

260 3715 306 3769 tur
326 3710 385 3769 Dei
407 3710 556 3771 nomine?
577 3712 645 3789 quis
667 3729 729 3770 non
751 3710 810 3771 sibi
833 3706 948 3787 aliquid
979 3708 1112 3769 nominis
1136 3727 1181 3767 er-

260 3791 368 3873 rogat?
390 3790 465 3866 Quis
481 3793 555 3853 setis
571 3801 748 3854 reverenter
769 3794 868 3873 ipsum
893 3790 1052 3851 nominet?
1073 3790 1185 3851 Restat
1275 3830 1278 3853 ι

261 3875 326 3935 sole
354 3876 473 3954 oretio,
507 3894 569 3954 que
597 3882 720 3955 petatur
748 3873 952 3935 sanctificatio
985 3873 1058 3935 eius.
1104 3874 1182 3934 Nem
1218 3952 1220 3957 Ι

264 3964 402 4019 sonetum
422 3964 471 4020 est
490 3965 523 4020 et
545 3958 681 4036 terribile
699 3958 914 4036 nomenoius,
946 3956 1122 4019 venerabile
1146 3976 1183 4018 ao
