3075 4750
370 504 431 572 196
686 507 837 560 Sermones
857 502 968 558 Lutlrcri

368 684 494 759 paretur
514 695 535 736 a
555 679 703 754 creumra,
723 670 847 734 bonitas
866 672 1000 753 scilicet,
1021 671 1096 733 nihil
1122 670 1183 731 nisi
1203 670 1289 733 Deus
1371 716 1372 723 ,

369 766 524 837 maneret3
552 760 598 817 sio
626 762 659 817 et
677 757 844 838 sapientia,
864 756 989 817 iustitia.
1033 754 1099 818 Nos
1120 754 1204 816 enim
1225 772 1291 815 uru-

368 842 425 904 bra
447 857 563 920 sumus,
584 839 667 901 Deus
692 846 794 900 autem
816 857 865 899 res
884 856 958 899 vara
974 838 1174 919 etproximus
1187 837 1290 899 nobis.

368 925 420 987 Sia
453 931 486 984 et
512 925 618 1005 inepta
647 931 695 983 est
726 913 885 1002 quaedani
905 920 1011 1007 glossa
1035 920 1176 1000 Decreti,
1204 919 1290 1001 quod

367 1013 522 1087 peccaret,
545 1008 571 1067 si
592 1012 793 1087 peccatorem
815 1024 848 1065 se
870 1004 999 1082 diceret,
1033 1004 1156 1065 tametsi
1184 1000 1290 1065 dicere
1372 1070 1373 1077 ,

366 1096 565 1170 peccatores,
604 1095 635 1149 et
668 1089 736 1169 plns
773 1088 975 1166 mentiuntur,
1009 1085 1081 1147 dum
1114 1085 1229 1147 dicunt·
1256 1104 1292 1147 se

348 1174 476 1249 iustos,
500 1191 570 1232 cum
591 1179 664 1233 tunc
686 1172 849 1232 veritatem
871 1170 985 1248 dicunt,
1007 1168 1130 1250 quando
1144 1176 1291 1251 peccato·

366 1274 416 1315 res
438 1276 473 1315 se
500 1254 701 1316 confitentur:
732 1256 805 1332 quia
835 1268 897 1316 non
927 1252 1016 1315 nobis
1045 1252 1189 1333 Domine,
1224 1270 1312 1331 nou¹

367 1337 466 1417 nobis,
489 1337 544 1398 sed
566 1338 682 1398 nomini
704 1345 757 1397 tuo
780 1335 821 1396 da
838 1336 978 1417 gloriam.
1014 1334 1074 1412 Qui
1091 1354 1168 1416 ergo
1184 1336 1293 1396 omnia

367 1421 451 1482 bona
471 1441 491 1481 a
512 1440 546 1481 se
566 1423 636 1501 ipso
659 1426 800 1482 removet
822 1426 854 1479 et
882 1418 940 1480 soli
963 1419 1030 1480 Deo
1059 1417 1179 1498 tribuit,
1207 1418 1291 1479 sicut

366 1504 549 1565 inveritate
578 1509 640 1582 est,
671 1503 722 1563 hic
748 1500 839 1563 offert
865 1501 987 1563 Christo
1016 1500 1086 1562 thus
1119 1506 1150 1561 et
1184 1502 1288 1581 ipsum

366 1583 465 1648 Deum
494 1586 670 1647 confitetur:
703 1585 785 1646 idem
813 1592 860 1645 est
886 1584 1067 1646 sacrificium
1095 1585 1127 1643 iu
1156 1582 1289 1645 odoram

367 1672 536 1749 suavitatis,
558 1669 597 1730 de
619 1688 680 1748 quo
698 1668 809 1749 legitur
824 1670 855 1728 in
867 1669 964 1728 veteri
974 1666 1175 1729 Testamenta
1191 1686 1291 1747 saepe

367 1751 499 1832 dictum,
522 1752 677 1813 Odoratus
698 1751 852 1813 Dominus
875 1756 922 1811 est
943 1750 1072 1811 odorem
1093 1750 1267 1813 suavitatis.

449 1834 626 1895 Itademum
638 1833 791 1895 Christum
806 1833 968 1895 mortalem
979 1831 1166 1895 confitentur
1182 1851 1240 1893 ore
1259 1838 1292 1893 et

275 1923 283 1937 ⁴
365 1938 398 1978 re
421 1924 552 1999 negant:
578 1912 706 1977 credunt
725 1936 850 1996 passum
871 1923 902 1977 et
920 1923 1083 1995 mortuum,
1104 1915 1159 1977 sed
1177 1912 1292 1977 nolunt
1374 1918 1375 1993 l

367 2001 489 2076 imitari,
505 2018 571 2060 nec
592 2000 652 2060 illis
674 2001 852 2080 passionem
875 2018 961 2059 suam
983 2000 1085 2060 lacere
1106 1999 1168 2059 hoc
1188 2004 1288 2076 amat,
1366 1998 1375 2077 1

368 2093 451 2144 certe
473 2082 667 2143 durissimum
689 2089 754 2161 est,
787 2084 858 2161 quia
887 2082 1161 2143 sensibilissimum.
1204 2080 1291 2143 Vera

367 2172 470 2228 autem
493 2174 558 2243 est,
581 2167 653 2244 quia
673 2164 891 2247 praecedentia
912 2164 984 2245 duo,
1006 2184 1086 2245 quae
1109 2165 1134 2225 si
1157 2170 1289 2243 starent,

366 2268 467 2329 paene
489 2268 571 2309 mors
593 2255 676 2309 esset
702 2249 806 2329 potius
836 2242 942 2310 dulcis}
991 2246 1074 2308 Nihil
1100 2249 1182 2310 euim
1212 2247 1292 2309 lacit

277 2392 279 2397 .
366 2340 498 2396 mortem
520 2350 666 2414 amaram,
687 2350 779 2411 quam
803 2330 885 2412 quod
902 2329 1001 2392 Deum
1025 2338 1057 2392 et
1077 2348 1181 2414 regem
1200 2328 1289 2392 chri-

367 2423 446 2476 stum
469 2414 604 2476 nondum
626 2422 710 2477 recte
733 2413 916 2476 confitemur
937 2421 968 2476 et
988 2416 1201 2496 agnoscimus,
1231 2433 1290 2476 no·
1375 2451 1376 2486 r

349 2508 430 2577 (stra
450 2499 551 2560 adhuc
578 2500 730 2579 sapimus,
759 2517 840 2577 quae
868 2497 1040 2576 relinquere
1072 2515 1155 2558 mors
1190 2498 1289 2578 cogit,
1375 2491 1376 2546 ἶ

366 2582 437 2644 ideo
459 2583 659 2642 amarissima.
703 2581 816 2641 Beatus
837 2581 945 2662 igitur,
967 2581 1018 2660 qui
1040 2579 1091 2640 hic
1110 2581 1142 2640 in
1164 2579 1230 2640 vita
1252 2597 1290 2640 se

366 2666 484 2725 inistis
507 2665 730 2742 exercitaverit,
750 2670 792 2742 ut,
815 2681 884 2723 curn
906 2665 982 2724 hora
1004 2665 1132 2742 venerit,
1154 2661 1291 2723 libenter

366 2746 444 2807 mori
466 2748 584 2827 possit,
613 2753 645 2806 et
673 2745 827 2807 Christum
856 2753 1008 2809 mortuum
1030 2747 1061 2806 in
1085 2763 1119 2806 se
1140 2747 1289 2806 transtor-

368 2849 452 2890 mure
465 2829 553 2909 eique
575 2848 610 2890 se
624 2828 827 2891 conformare.
869 2829 911 2890 Aa
927 2836 959 2890 et
976 2830 1026 2890 hic
1037 2828 1213 2890 ¹nonnullos
1235 2847 1291 2888 au·

368 2910 495 2972 daculos
517 2912 590 2972 licet
617 2912 740 2989 audire,
773 2914 824 2992 qui
847 2912 965 2989 dicant,
996 2911 1127 2973 libenter
1159 2911 1289 2990 moriar,

366 2993 489 3074 quando
512 2995 662 3055 Dominus
682 2996 826 3075 voluerit,
848 2995 922 3056 nihil
944 2995 1083 3074 solliciti,
1105 3013 1166 3074 qua
1186 2993 1289 3054 humi-

367 3077 455 3137 litate
470 3097 544 3158 erga
555 3077 664 3158 Deum,
683 3098 745 3157 qua
754 3079 967 3160 resignatione
988 3084 1021 3139 et
1040 3077 1190 3158 patientia
1210 3095 1290 3158 erga

364 3178 471 3240 regem
492 3162 553 3221 sint
574 3160 725 3243 dispositi.
758 3160 832 3222 ldeo
856 3159 910 3222 flet
929 3161 990 3221 illis
1012 3161 1180 3222 secundum
1199 3159 1289 3222 fabu-

363 3241 425 3302 lam
447 3242 531 3302 illam
553 3243 671 3324 Aesopi
700 3242 739 3304 de
766 3260 842 3304 sene
870 3243 1021 3324 quodam,
1055 3245 1107 3324 qui
1129 3247 1233 3304 aetate
1255 3252 1289 3304 et

365 3325 472 3387 labore
494 3325 609 3406 fessus,
632 3347 701 3387 cum
724 3342 819 3388 onere
840 3326 992 3408 lignorum
1007 3332 1219 3409 premeretur,
1240 3327 1288 3386 iu·

363 3410 488 3481 vocavit
511 3416 658 3489 mortem,
694 3428 773 3488 quae
796 3427 863 3470 cum
893 3411 1030 3471 venisset
1049 3411 1287 3491 interrogasset

366 3511 440 3572 que,
462 3491 534 3572 quid
556 3511 624 3552 eam
655 3499 815 3576 vocasset,
838 3493 1013 3573 respondit,
1041 3497 1075 3553 ut
1101 3511 1180 3553 onus
1207 3492 1286 3553 illud

363 3575 484 3637 levares
505 3582 538 3636 et
559 3573 632 3638 mihi
654 3577 847 3656 imponeres,
875 3576 976 3636 noluit
997 3577 1078 3636 enlm
1100 3576 1199 3653 mori,
1228 3575 1285 3636 sed

363 3659 467 3737 potius
489 3659 620 3739 amplius
642 3657 792 3721 laborare.
