3075 4750
346 514 408 585 182
673 520 821 575 Sermones
840 520 950 573 botheri

345 691 465 773 putarit
486 690 558 769 quia
578 689 676 751 voluit
689 645 767 751 'esse
790 694 953 751 contentus
977 706 1015 751 eo
1037 690 1105 749 viso
1128 694 1161 749 et
1172 688 1268 749 latere

346 780 465 854 postea,
487 792 549 832 uon
572 774 653 833 enim
676 773 791 853 habuit,
813 772 895 835 unde
910 774 1080 853 gloriosum
1101 771 1160 832 sibi
1177 772 1267 849 foret,

276 860 292 880 ‘
345 856 498 917 Christum
520 855 696 917 advenisse:
731 857 848 917 sciebat
875 874 943 916 sese
970 875 1032 917 non
1062 856 1172 915 mereri
1195 874 1269 943 prae¹
1321 894 1327 909 ·

347 940 475 999 caeteris
498 939 649 1017 omnibus,
673 940 757 1018 quod
779 946 882 1000 autem
903 938 1047 1019 cupiebat
1068 945 1169 1019 patet,
1198 940 1270 1017 quia

346 1023 466 1099 accepit
486 1021 572 1081 illum
593 1023 749 1103 gaudens:
783 1022 926 1103 gaudium
957 1023 1038 1083 enim
1072 1028 1120 1081 est
1146 1023 1268 1101 signum

345 1103 557 1185 praecedentis
590 1107 703 1166 amoris
731 1113 766 1169 et.
797 1106 980 1185 cupiditatis,
1029 1104 1061 1166 si
1096 1106 1177 1164 enim
1201 1104 1269 1184 quia

346 1188 444 1266 ipsum
467 1188 700 1269 interrogasset,
725 1190 858 1249 velletne
880 1189 1031 1249 Christum
1053 1184 1194 1247 habere?
1224 1194 1269 1247 ie-

346 1270 530 1350 spondisset,
552 1291 614 1332 non
638 1272 738 1332 audeo
762 1280 869 1351 optare
892 1291 950 1331 nec
971 1270 1062 1331 velle.
1095 1268 1142 1329 llli
1164 1277 1268 1331 autem

345 1353 591 1433 respondissent:
613 1355 727 1433 Utique
750 1362 782 1414 et
804 1372 895 1434 spero
918 1356 963 1413 sic
983 1354 1124 1415 futurum.
1155 1353 1269 1414 Videte

345 1455 421 1516 ergo
449 1437 686 1516 profunditatem
720 1438 822 1498 cordis
860 1438 999 1513 humani,
1035 1438 1120 1496 cuius
1154 1438 1268 1497 veritas

345 1525 407 1579 tam
429 1521 537 1580 intima
564 1528 612 1580 est
644 1530 675 1580 et
705 1529 767 1582 tam
791 1528 942 1581 secretum
961 1520 1058 1597 velle,
1089 1525 1121 1578 nt
1149 1521 1270 1580 neseiat

347 1622 417 1662 sese
438 1622 497 1663 nec
517 1603 651 1683 gaudeat
672 1604 762 1682 velle,
785 1603 980 1664 solummodo
1013 1604 1140 1663 sentitur
1171 1610 1204 1662 et
1225 1604 1268 1663 vi·

346 1687 426 1745 uitur
448 1686 508 1746 hoc
528 1686 619 1764 velle,
652 1707 714 1747 non
738 1692 839 1746 autem
863 1687 990 1747 elicitur.
1033 1686 1102 1746 Hoc
1123 1693 1172 1745 est
1204 1705 1268 1746 reo

345 1774 409 1828 trrm
432 1788 495 1844 cor,
518 1769 596 1829 haec
617 1776 687 1828 sunt
717 1770 864 1829 interiora
889 1769 1031 1831 hominis.
1075 1768 1165 1829 Unde
1195 1768 1269 1829 dicit

346 1851 498 1911 Christus:
530 1851 630 1912 Hodie
653 1852 735 1913 salus
756 1853 828 1912 huic
849 1852 954 1912 domni
976 1852 1057 1912 facta
1078 1858 1125 1911 cat
1146 1872 1166 1910 a
1188 1852 1267 1930 Dea,

346 1934 417 1993 lrinc
437 1934 511 1993 hine
531 1935 638 2011 iustus,
660 1937 733 2013 quia
754 1936 833 1995 haec
854 1944 901 1995 est
923 1935 1032 1995 domus
1054 1954 1138 1994 mea:
1160 1940 1193 1994 et
1214 1937 1268 1995 ita·

346 2035 421 2093 rum,
442 2034 481 2076 eo
504 2017 587 2095 quod
608 2024 640 2077 et
660 2020 728 2097 ipse
750 2019 789 2077 sit
809 2017 890 2078 filius
906 2018 1067 2080 Abrahae:
1090 2018 1167 2097 ipse,
1190 2018 1267 2099 ipse,
1372 2036 1376 2045 ¹

345 2118 407 2159 non
440 2100 494 2159 illi.
552 2100 634 2160 Ecce
667 2120 741 2180 ergo
781 2100 938 2179 quomodo
977 2100 1172 2161 offenduntur
1214 2100 1268 2175 illi,

344 2201 436 2260 quum
467 2201 530 2243 non
558 2183 685 2261 facerit,
722 2191 757 2243 ut
788 2183 1016 2245 offenderentur
1051 2182 1090 2243 ad
1130 2182 1267 2243 malum?

346 2264 426 2339 Quia
457 2267 609 2345 potuisset
635 2268 717 2327 hunc
737 2267 912 2327 Zachaeum
942 2267 1063 2327 occulta
1092 2284 1206 2325 vocare
1228 2266 1268 2326 ad
1375 2322 1376 2325 ,

345 2350 484 2428 gratiam,
508 2348 562 2410 sed
583 2350 682 2412 voluit
703 2350 733 2411 id
755 2350 916 2412 manifeste
938 2350 1013 2428 fieri,
1037 2357 1070 2411 ut
1089 2349 1133 2409 illi
1156 2349 1267 2410 falsam

345 2433 489 2492 iustitiam
519 2435 675 2512 propriam
706 2443 911 2514 agnoscerent
933 2441 963 2494 et
983 2433 1125 2494 Zachaeo
1149 2433 1266 2493 similes

300 2511 310 2528 ’
347 2515 458 2578 forent.
501 2516 542 2576 Et
562 2518 608 2576 sic
628 2537 683 2596 per
710 2518 799 2577 unius
829 2518 1003 2598 exemplum
1032 2516 1130 2576 voluit
1157 2534 1267 2576 omnes

345 2617 365 2656 a
385 2597 494 2658 morbo
517 2618 642 2669 sanare,
678 2600 751 2660 licet
777 2599 821 2659 illi
850 2600 936 2660 abusi
959 2601 1019 2659 aint
1039 2599 1193 2659 medicina
1214 2599 1266 2659 hu·

289 2685 293 2692 “
344 2681 486 2757 insmodi,
508 2681 590 2741 unde
613 2688 644 2741 et
664 2682 831 2744 concludit.
874 2683 978 2743 Venit*
994 2683 1074 2742 enim
1103 2680 1183 2741 lilius
1212 2680 1266 2742 ho·

345 2764 434 2822 minis
474 2783 622 2842 quaerere
653 2772 685 2824 et
711 2765 828 2826 salvum
857 2767 976 2840 facere,
1007 2765 1089 2844 quod
1111 2765 1265 2843 perierat.

344 2845 414 2906 Non
436 2848 521 2906 venit
542 2846 716 2924 glorificare
745 2850 805 2908 iam
833 2849 930 2909 iustos
954 2855 985 2908 et
1012 2848 1131 2922 salvos,
1167 2846 1267 2908 voluit

343 2929 411 3007 ipse
433 2947 488 2992 eos
511 2929 636 3005 offendi,
658 2949 721 2992 non
743 2938 777 2991 ut
799 2931 959 3005 caderent,
990 2931 1046 2992 sed
1067 2940 1102 2992 ut
1122 2951 1156 2992 se
1178 2931 1264 3009 ipsos

343 3019 557 3091 agnoscerent,
577 3015 723 3092 quoniam
733 3013 819 3094 pleni
833 3025 920 3074 erant
931 3015 1030 3094 gloria
1041 3021 1073 3074 et
1084 3031 1190 3076 amore
1207 3014 1264 3076 sui.

424 3095 493 3156 Hoc
513 3105 615 3157 autem
638 3098 744 3157 vitium
768 3104 816 3157 est
836 3100 866 3157 in
890 3097 1027 3176 quolibet
1049 3097 1182 3173 homine,
1205 3097 1264 3158 nisi

343 3195 398 3257 per
418 3180 545 3258 gratiam
568 3188 701 3257 sanetur,
723 3186 756 3240 et
776 3180 832 3240 fuit
853 3180 892 3241 ab
904 3181 992 3240 initio
1007 3179 1122 3258 mundi3
1143 3179 1262 3258 eritque

343 3262 490 3340 usquein
512 3262 614 3342 linem,
641 3265 712 3342 quia
734 3265 852 3344 quaerit
872 3264 902 3323 in
927 3263 1082 3338 omnibus,
1115 3266 1206 3323 etiam
1229 3262 1261 3323 in
1310 3289 1314 3296 ·

342 3343 473 3415 Christo,
496 3352 575 3425 qua'e
598 3365 653 3406 sua
675 3353 752 3415 aunt,
796 3345 918 3426 Regnat
945 3355 1047 3407 autem
1068 3348 1262 3427 potissimum

342 3434 448 3488 nostro
470 3434 618 3508 tempore,
635 3429 702 3490 ‘ubi
724 3430 856 3509 populus
878 3449 933 3509 per
955 3429 1147 3506 seductores,
1178 3427 1263 3488 fabu-

341 3510 455 3570 latores
477 3517 535 3571 etc.
557 3513 588 3570 in
611 3512 690 3571 istud
712 3514 819 3572 vitium
841 3512 1061 3592 ducitur,'qui
1083 3512 1188 3573 debuit
1208 3529 1263 3590 po·

341 3594 400 3653 tius
421 3593 544 3654 reducit
574 3593 688 3668 Quales
708 3602 779 3656 sunt
800 3597 850 3674 qui
873 3595 1144 3676 indulgentias
1175 3613 1262 3676 prae·

341 3676 444 3736 dicant
460 3678 508 3754 *),
531 3676 570 3736 de
592 3678 700 3756 quibua
723 3699 771 3738 ex.
794 3699 838 3760 gr.
862 3679 985 3758 etquis
1007 3677 1037 3738 id
1059 3678 1145 3738 multi
1167 3678 1262 3758 petie-

340 3765 425 3835 runt,
452 3777 551 3838 pauca
575 3760 695 3820 dicam:
726 3761 790 3821 dixi
823 3763 903 3821 enim
937 3761 977 3824 do
1005 3762 1042 3820 iis
1064 3761 1140 3822 alias
1162 3761 1261 3841 plura,

341 3843 476 3903 maxime
494 3861 562 3902 cum
585 3844 625 3904 sit
646 3863 720 3923 prae
741 3844 857 3906 foribus
879 3863 994 3925 pompa
1015 3845 1075 3905 iata
1101 3843 1262 3925 indulgen·

687 3966 758 3973 ...φ-

398 4014 429 4080 *)
450 4013 571 4069 matema
587 4031 646 4069 vox
666 4020 763 4073 tonna
779 4012 918 4068 uersuum
938 4016 966 4067 et
985 4015 1044 4069 eius
1063 4015 1201 4086 gregales.
