3075 4750
730 453 865 521 mitri

342 631 450 688 seram
467 626 500 687 in
517 625 665 689 morituro
680 610 779 690 totuui
792 644 887 706 porse
903 631 936 687 et
950 625 1064 705 faceta
1086 624 1171 705 quod
1183 640 1266 707 papa

338 713 445 789 potest
466 717 499 770 et
520 708 602 771 facit.
644 709 796 789 Amplius,
820 710 845 770 si
867 708 1062 771 sacerdotem
1074 708 1192 771 hebere
1203 726 1264 769 nou

339 799 454 871 potest,
476 799 581 854 votum
604 791 739 853 habendi
761 792 867 853 dicunt
889 791 1039 854 sufficere.
1084 790 1165 866 Quid
1191 810 1264 872 ergo

341 874 394 935 tali
417 881 514 937 restat
534 873 727 953 solvendum,
748 894 819 939 cum
837 875 926 936 sitab
941 874 1264 937 omuibusabsolutns.

419 958 527 1022 Dicam
557 957 663 1034 latius,
707 956 791 1036 quod
820 960 974 1019 sententia
1008 958 1183 1019 communis
1211 962 1265 1031 est,

339 1042 549 1121 purgatorium
572 1040 678 1101 deberi
699 1042 857 1120 peccatis,
884 1060 946 1101 uon
976 1042 1106 1121 poenis,
1139 1040 1266 1113 scilieet

338 1123 521 1197 venialibus,
544 1128 579 1183 ut
600 1142 747 1202 expresse
766 1123 861 1185 habet
874 1123 981 1188 Οιιιοιι
995 1123 1098 1186 distin.
1112 1127 1162 1189 35
1183 1142 1264 1203 cap:

338 1204 455 1280 Qualis.
507 1204 548 1265 Ει
580 1205 618 1265 ad
646 1206 676 1267 id
705 1206 802 1267 multa
825 1207 964 1267 similiter
985 1206 1131 1287 exempla
1152 1204 1265 1267 habeu-

337 1296 394 1347 tur
438 1286 537 1365 Quale
567 1295 726 1384 peccatum
757 1309 818 1369 ego
850 1308 973 1385 quoque
995 1288 1064 1351 dico
1086 1308 1159 1351 esse
1181 1288 1265 1354 illam

337 1371 552 1450 imperfectam
576 1372 746 1449 caritatem,
768 1391 830 1451 qua
851 1373 938 1433 iuviti
956 1373 1147 1449 moriuntur,
1170 1371 1274 1432 nimio
1330 1374 1341 1381 “

338 1456 419 1520 vitae
441 1453 553 1516 affectu
577 1455 735 1532 immundi,
758 1474 795 1513 ac
818 1474 871 1535 per
894 1456 956 1519 hoc
970 1456 1070 1517 Deum
1094 1474 1158 1516 non
1174 1472 1268 1533 super

339 1539 443 1597 omnia
466 1536 641 1617 diligentes.
684 1537 732 1597 De
752 1536 802 1597 his
823 1538 853 1597 in
875 1538 1119 1617 probationibus.

655 1659 705 1719 Vl
728 1659 900 1721 Obeliscus
910 1658 947 1741 *)

421 1776 478 1838 lle.
511 1776 631 1838 Procax
661 1762 851 1857 propositio
886 1776 986 1839 Soluti
1010 1779 1095 1842 euim
1125 1796 1267 1858 corpore

340 1843 492 1939 purgandi
514 1860 605 1919 amici
627 1858 694 1939 Dei,
716 1867 799 1920 certe
821 1862 921 1924 sciunt
942 1881 976 1922 se
997 1860 1205 1938 salvandos,-
1212 1860 1266 1937 sed

341 1944 428 2020 quasi
453 1961 508 2021 per
530 1942 539 1999 i
563 1962 642 2003 nem.

426 2020 519 2087 Luth.
575 2025 635 2085 nde
662 2004 762 2085 sciuiit
788 2026 894 2097 certo?
930 2026 1001 2105 quia
1032 2025 1144 2087 Eccius
1183 2026 1267 2090 dicit.

340 2105 381 2167 m
403 2114 488 2167 tenet
518 2108 739 2187 consequentia
775 2108 861 2169 iuxta
897 2129 984 2169 suum
1017 2109 1196 2189 Magistrum
1224 2108 1263 2169 ab

340 2191 504 2251 autoritate
526 2188 717 2251 affirmative
762 2190 882 2251 Adeo'
864 2211 1002 2279 ignarus
1022 2199 1070 2252 est
1087 2192 1266 2287 theologiae

342 2272 634 2350 crucis,1rtutcredat
655 2272 726 2335 ideo
748 2272 808 2333 illis
833 2284 897 2334 cert
898 2294 949 2335 um
974 2294 1055 2351 esse,
1076 2275 1190 2336 ausint
1207 2274 1265 2335 sal-

343 2353 445 2434 vandi,
468 2356 540 2435 quia
562 2356 651 2416 amici
674 2356 731 2419 Dei
753 2363 837 2418 sunt
847 2364 879 2418 e
899 2377 1030 2437 corpore
1055 2356 1157 2420 soluti.

422 2439 491 2520 Ego
526 2440 581 2498 etsi
614 2439 751 2520 insignes
780 2441 862 2500 viros
883 2440 1011 2520 legerim
1035 2449 1116 2536 (non
1140 2439 1266 2502 Scotum

342 2530 394 2582 aut
414 2520 566 2584 Ἧιοιιιιιιιι
588 2521 708 2600 loquor,
731 2541 831 2602 neque
853 2521 1019 2600 lienium),
1042 2525 1095 2602 qui
1116 2533 1266 2598 asserant

342 2606 460 2665 animas
484 2604 630 2682 qrrasdam
655 2606 698 2664 ita
719 2605 865 2684 suspendi
888 2625 985 2684 usque
1006 2605 1046 2666 ad
1057 2606 1141 2666 diem
1151 2605 1266 2681 ludicri,

342 2687 546 2759 utneseiant
569 2707 607 2748 an
631 2687 694 2751 sint
681 2687 885 2751 tsalvandae
907 2689 964 2749 vel
979 2687 1183 2752 damnandae.
1226 2689 1269 2750 Et

342 2773 413 2850 qnia
443 2770 579 2848 expertis
607 2777 638 2829 et
667 2769 853 2850 exemplis'
846 2791 877 2830 ru
899 2771 964 2832 hac
985 2792 1019 2832 re
1041 2772 1110 2852 plus
1133 2778 1181 2835 est
1202 2791 1266 2834 cre-

342 2853 486 2929 dendum,
508 2872 598 2930 quam
622 2853 764 2913 omnibus
788 2851 932 2915 obeliscis
949 2856 1086 2921 omnium
1100 2855 1267 2930 fabrorum,

342 2955 403 2995 non
429 2936 531 3015 magni
552 2930 659 3012 refert,
688 2935 760 3031 qui-d
788 2935 924 2996 Enniana
945 2939 1101 3020 temeritas
1123 2937 1266 3010 blateret,

343 3025 398 3078 eut
419 3017 636 3098 procacitatem
660 3019 806 3078 nominet.
845 3019 988 3100 Legimus
1001 3011 1051 3080 de
1073 3020 1192 3097 multis,
1214 3022 1266 3100 qui

344 3108 551 3181 apparuerunt
573 3110 723 3191 tanquam
751 3099 834 3162 ducti
862 3101 902 3164 ad
923 3102 1067 3164 iudicium
1092 3111 1124 3164 et
1112 3103 1197 3164 tdiu
1217 3123 1265 3164 su·

343 3183 456 3264 spensi.
499 3181 539 3242 Et
561 3175 706 3262 q'uidquid
729 3183 783 3262 sit,
813 3183 940 3245 liberum
963 3185 1072 3246 saltem
1096 3192 1143 3246 est
1163 3186 1266 3266 dispu

343 3275 407 3329 tare
427 3275 554 3347 propter
577 3285 668 3324 unum
691 3230 868 3346 exeuiplum
892 3278 923 3328 et
944 3289 1041 3327 unum
1066 3268 1203 3343 dictum,
1235 3282 1267 3330 et

342 3349 553 3411 contradicere
570 3348 659 3408 nudis
671 3349 900 3446 inermibusque
913 3349 1129 3432 theologorum
1146 3371 1198 3432 opi
1189 3352 1265 3412 'nio-

342 3433 440 3527 nibus
483 3431 585 3507 Addo,
608 3429 691 3511 quod
713 3431 823 3492 borror
844 3433 967 3495 animae
988 3441 1098 3498 natura
1121 3455 1179 3506 sua
1192 3435 1267 3498 facit

342 3514 491 3576 incertum
513 3514 681 3592 hominem,
704 3533 794 3594 quem
817 3515 876 3574 iam
901 3515 994 3576 dixi'
986 3536 1089 3578 messe
1103 3517 1264 3578 animabus

343 3597 463 3661 defectu
485 3596 629 3674 caritatis,
654 3607 684 3658 et
705 3616 782 3658 mox
804 3599 901 3678 magis
925 3597 1033 3663 dicam.

371 3706 394 3759 J
423 3679 478 3762 Eo.
508 3677 597 3740 Unde
619 3699 687 3745 oum
715 3677 876 3760 probabile
902 3681 960 3761 sit,
995 3701 1050 3756 eos
1079 3681 1264 3762 augelorum

397 3971 425 4033 ἰ
445 3971 584 4049 ᾼᾶιοιειιι
606 3969 645 4023 16.
665 3970 786 4024 conclus.
809 3935 928 4029 Lutheri.
958 4023 962 4032 ,
