3075 4750
337 370 343 407 l

641 482 748 545 contro
765 483 845 544 ond.
863 484 946 543 llosii.
1187 483 1257 549 ⁴451

331 657 424 721 souti.
466 655 501 721 Si
522 653 646 738 quidsm
668 661 701 719 et
722 658 832 721 oistem
856 649 925 719 osse
946 654 1045 735 uliud,
1073 668 1164 735 quum
1194 655 1259 719 the·
1361 641 1364 661 ¹

334 758 459 803 rourum
487 758 618 803 neoesss
650 745 713 818 est,
741 739 854 803 deinde
887 747 919 802 st
944 758 1053 803 sorem.
1102 737 1207 819 Atque
1233 740 1259 800 si
1291 764 1295 772 ·

332 821 806 905 allegorismvelmemphomm
820 829 916 887 totum
936 822 1130 903 persequeris
1162 828 1259 885 tolum

331 905 554 987 snpslleotilem
570 905 655 968 urbis
666 906 787 969 Romus
797 906 877 969 iorts
888 906 948 968 huo
962 904 1093 969 oousehi
1106 868 1238 986 opion-tet.

417 987 538 1051 Deinde
569 988 629 1053 sibi
654 1007 696 1049 ex
726 988 837 1065 eodem
865 988 1047 1071 syllogismo
1080 989 1258 1051 acutissimo

331 1071 497 1154 perplexus
523 1071 622 1133 lsotus
652 1072 788 1151 quaerit:
840 1071 1005 1147 Quomodo
1033 1070 1125 1133 simul
1163 1071 1259 1133 olsvis

332 1155 451 1237 spsrim
473 1155 689 1234 suspensius,
711 1154 783 1217 dum
806 1154 1171 1229 estsimulolsviset1)
1196 1153 1258 1217 tho-

332 1236 464 1309 soprus'l
506 1235 729 1299 Insulsissimus
751 1237 934 1319 disputator,
955 1238 1007 1317 qui
1029 1236 1114 1299 sudit
1136 1256 1186 1297 ms
1207 1256 1258 1299 ns-

372 1338 406 1382 re
428 1319 606 1383 thesaurum
627 1338 713 1400 eum,
743 1335 836 1400 quous
856 1322 924 1403 ipse
945 1320 1043 1401 ponit.
1084 1319 1154 1401 Ego
1177 1319 1258 1398 enim

353 1402 565 1469 istribusntem
602 1400 653 1479 (id
681 1409 743 1483 est,
776 1422 795 1465 s
822 1402 943 1467 onusto
972 1402 1077 1467 olsves
1106 1400 1257 1482 donatos)

332 1486 403 1549 dioo
424 1484 617 1564 thesaurum,
645 1486 714 1565 ipse
735 1492 839 1548 sutem
860 1506 917 1568 per
937 1486 1042 1547 olores
1061 1483 1257 1547 distributum

332 1568 434 1651 ponit,
451 1567 485 1631 id
505 1574 563 1646 est,
583 1569 651 1651 ipse
672 1567 867 1631 distributum
890 1588 1015 1649 opopa,
1038 1587 1098 1649 ego
1119 1566 1258 1629 distribu-
1310 1567 1314 1575 ’

334 1658 399 1714 tum
420 1672 441 1713 s
461 1649 597 1724 Christo.
1023 1674 1028 1693 f

415 1734 531 1797 Ultimo
553 1734 634 1795 hene
654 1734 900 1816 propositionem
923 1738 1029 1796 ensem
1050 1732 1154 1794 Aisois
1175 1751 1257 1794 esse-

332 1818 373 1880 rit
391 1823 451 1881 elo
492 1816 615 1897 Novus,
642 1836 699 1898 pro
726 1816 885 1879 hominum
907 1813 1017 1896 fidem,
1042 1813 1257 1894 Aristarchus,

333 1902 397 1965 imo
426 1919 526 1963 novus
553 1899 715 1962 Homerus.
766 1899 842 1976 Quis
872 1902 954 1962 enim
984 1918 1117 1979 unquam
1160 1896 1258 1977 inxit,

223 1990 228 1996 '
333 1982 418 2065 quod
439 1984 520 2048 ensis
542 1982 646 2059 Ainois
668 1984 835 2063 seipsum,
857 2002 895 2047 eo
918 2003 980 2046 non
1004 1982 1116 2064 potius,
1140 2000 1201 2061 quo
1223 2000 1258 2043 se

334 2068 416 2130 Aiax
426 2049 613 2129 interemit?
655 2064 717 2127 Sed
740 2065 874 2129 dandum
897 2074 945 2129 est
964 2064 1079 2146 sliquid
1101 2065 1258 2127 serotinos

332 2150 496 2231 potationi.
538 2147 647 2210 Voluit
668 2149 750 2210 enim
771 2148 896 2229 disere,
918 2148 1164 2231 propositionem
1189 2166 1260 2209 esse

333 2238 442 2296 susem
460 2231 584 2307 dionis,
607 2230 726 2293 soilioet
746 2250 808 2313 qus
830 2234 1017 2314 meipsum,
1050 2248 1115 2295 uon
1144 2246 1205 2311 que
1226 2246 1260 2291 ss

333 2315 531 2397 interimeres,
554 2314 632 2376 siout
654 2312 757 2376 discis
781 2316 862 2390 susis
885 2334 948 2378 non
971 2335 1022 2395 se,
1054 2311 1259 2377 seditionem

301 2440 303 2445 -
333 2399 502 2462 interemit
538 2399 631 2460 Forte
652 2399 810 2461 somnians
832 2399 918 2462 illum
947 2400 1092 2476 bestium,
1124 2414 1204 2477 quus
1226 2416 1260 2458 se

333 2483 433 2562 ipsum
450 2489 615 2562 oomesset
627 2487 660 2542 et
671 2501 728 2562 pro
740 2480 851 2544 endem
864 2484 895 2544 iu
908 2482 1016 2544 Ainois
1027 2499 1134 2544 ensem
1145 2486 1261 2560 ruptus.

620 2580 727 2646 XXIV.
753 2580 972 2664 Obelisous.*)

417 2680 471 2742 llo.
498 2680 704 2764 Evangelium
732 2700 802 2744 esse
824 2681 1000 2744 thesaurum
1022 2679 1260 2742 doetrinativum

338 2770 370 2825 et
391 2764 604 2826 instructivum
627 2764 861 2845 credendorum,
883 2783 974 2826 nemo
999 2770 1102 2845 negat,
1124 2769 1157 2824 st
1170 2782 1209 2823 ex
1222 2783 1260 2825 eo

335 2845 483 2908 thesauro
503 2847 654 2927 praestari
675 2846 900 2928 indulgentias,
932 2866 1058 2928 prorsus
1082 2853 1130 2908 est
1151 2846 1260 2908 ridicu-

335 2928 409 3010 lum,
430 2947 502 2990 oum
522 2947 624 3010 neque
644 2948 727 3011 popo
748 2930 892 3012 largiens,
911 2949 1014 3010 neque
1035 2928 1182 2991 ssoerdos
1209 2947 1259 2991 ex-

336 3029 469 3093 sequens
487 3011 679 3075 absolvendo
702 3011 792 3073 huius
814 3014 1001 3094 meminerit,
1024 3027 1125 3094 neque
1148 3012 1258 3094 aliquis

335 3093 498 3157 dootomm
526 3096 559 3156 iu
581 3095 712 3156 motoris
731 3095 991 3178 indulgentiarum
1014 3113 1147 3176 unquam
1170 3095 1259 3156 semi-

337 3177 508 3259 nsverit2),
530 3178 657 3261 dempto
679 3177 734 3240 illo
748 3196 832 3239 novo
855 3179 1017 3260 propheto,
1040 3179 1091 3259 qui
1104 3177 1259 3260 egreditur

339 3262 497 3340 terminos,
542 3279 599 3323 uos
623 3261 850 3323 constituerunt
893 3269 974 3323 utres
996 3261 1104 3322 nostri.

377 3356 379 3363 ·
418 3343 506 3404 Lutls.
553 3352 634 3406 utres
658 3350 792 3424 nostros,
814 3282 919 3424 erogo,
941 3341 1157 3419 Aristotelem,
1188 3341 1259 3404 Por-

336 3425 480 3508 phyrium
499 3445 635 3507 suosque
657 3443 807 3507 sequsoes
830 3435 932 3507 voest,
955 3428 1006 3508 qui
1022 3443 1085 3488 non
1100 3431 1171 3484 sunt
1186 3427 1261 3486 novi

336 3509 525 3591 prophetoe,
553 3507 608 3571 sed
629 3511 811 3591 patriarchis
834 3513 979 3589 vetustis,
1008 3507 1159 3590 apostolis
1187 3527 1261 3588 quo·

338 3600 451 3674 quest
473 3591 533 3676 (ne
555 3590 629 3652 nihil
652 3593 791 3653 omittam
814 3592 959 3676 honoris)
982 3589 1102 3673 angelis
1122 3591 1260 3652 eoelesti-

338 3675 394 3737 bus
413 3682 485 3737 sunt
508 3673 675 3756 digniores,
698 3675 901 3755 quosldooius
925 3675 1017 3738 eolat.
1060 3673 1137 3735 Nom
1161 3674 1258 3735 eoele-

337 3759 479 3822 sinstioos
501 3764 605 3839 putres
628 3775 692 3818 non
713 3757 753 3819 sb
776 3776 814 3819 eo
827 3760 929 3820 notsri
950 3759 1011 3822 hoo
1032 3757 1114 3835 loeo,
1138 3756 1258 3818 etismsi

338 3841 428 3922 iuret,
450 3841 604 3904 oouoedet
624 3842 811 3902 necessario.

392 3978 424 4034 1»
445 3976 514 4032 lbld.
533 3977 629 4031 deest:
648 3981 683 4031 st
719 3977 753 4044 2)
773 3975 858 4032 lbid.:
878 3975 1067 4046 somnisvsrit.

395 4049 426 4118 ⁸)
447 4047 554 4105 Gontrs
571 4049 615 4106 66.
638 4047 769 4105 Oeneius.
788 4048 929 4128 bothert·

979 4116 1049 4184 29¹·
