3075 4750
320 450 341 514 4
432 487 435 494 ·
571 463 575 468 '
707 450 843 505 Praelatio

319 621 448 700 insignis
470 637 570 678 rerum
592 619 754 678 conversio
783 617 866 677 faeta
887 624 943 678 est.
985 617 1052 678 Etsi
1073 619 1165 698 igitur
1186 618 1239 678 ali-

320 711 397 782 quot
418 703 490 762 tomi
503 701 740 780 Vuitembergae
753 700 826 760 editi
839 700 1012 780 exstabant,
1034 708 1137 761 tamen
1152 719 1240 781 mag·
1322 718 1324 722 ·

321 792 432 846 naeet
452 802 562 864 graves
585 803 697 844 causae
719 790 804 844 ment
805 803 854 842 em
877 783 987 842 Illust*
952 785 1075 844 trissimr
1067 785 1239 863 Principis

320 867 471 928 Electoris
493 873 762 944 ριιιιιοιιιιιιιιιι
744 865 837 926 utde
860 885 942 925 nova
954 866 1089 927 editione
1112 886 1240 963 operum

320 951 364 1009 Lu
366 949 443 1008 theri
464 948 646 1009 adornanda
658 951 817 1052 cogitaret.
796 950 1001 1013 Primum
1003 969 1086 1010 enrm
1107 951 1149 1029 pir
1142 949 1241 1009 desi·

321 1032 429 1090 derant
417 1029 587 1109 quaedam
597 1033 710 1111 scripta
719 1025 898 1110 ειεγκιικα,
909 1048 1038 1110 quorum
1046 1032 1138 1092 lectio
1148 1051 1240 1111 prop

282 1115 286 1124 '
321 1121 367 1174 ter
393 1114 550 1173 historiam
579 1115 731 1174 ecclesiae
758 1115 933 1174 necessaria
961 1121 992 1174 et
980 1115 1093 1174 ttsalu
1082 1116 1153 1174 teris
1183 1122 1240 1175 est.

316 1193 439 1256 'Deinde
463 1191 600 1255 multain
623 1199 725 1276 tomis,
748 1197 787 1256 de
809 1197 918 1276 quibus
932 1196 1005 1275 dixi,
1029 1206 1081 1257 aut
1103 1199 1240 1274 omnino,

321 1285 374 1338 aut
396 1297 509 1359 magna
531 1299 569 1339 ex
592 1287 679 1360 parte
696 1287 823 1358 mutata,
846 1279 996 1358 quaedam
1020 1282 1111 1339 etiam
1124 1281 1241 1340 omissa

321 1369 374 1422 aut
394 1360 497 1421 deleta
519 1369 607 1440 sunt,
629 1381 669 1421 ne
689 1363 782 1421 animi
806 1369 837 1421 et
864 1381 953 1421 aures
975 1363 1137 1422 Potentum
1162 1381 1241 1441 quo-

319 1444 447 1504 rundam
471 1443 707 1504 offenderentur.
750 1445 873 1523 Tertio,
902 1445 960 1504 etsi
982 1445 1060 1504 tituli
1085 1453 1241 1506 tomorum

320 1527 396 1587 nihil
418 1527 477 1586 nisi
498 1527 592 1587 libros
604 1526 726 1588 Lutheri
745 1527 891 1604 indicant,
914 1535 1017 1587 tamen
1040 1528 1145 1609 legent
1133 1529 1242 1587 tisatis

320 1616 450 1689 apparet
438 1609 606 1670 taliorum
639 1610 712 1670 doct
702 1618 799 1669 torum
823 1611 937 1688 scripta
966 1610 1013 1669 his
1035 1611 1241 1671 voluminibus

321 1692 458 1752 admixta
472 1711 551 1768 esse
574 1698 605 1750 et
593 1692 708 1751 ahud
722 1711 833 1752 sonare
846 1692 1003 1770 chordam
1025 1693 1107 1754 ahud
1120 1693 1242 1778 pedem,
1331 1722 1333 1725 ·

320 1773 442 1834 ιιιιιι’
434 1775 620 1836 inconcinne
647 1766 827 1836 saltantibus
850 1775 982 1836 dicitur.
1011 1775 1127 1849 Quarto
1150 1777 1241 1836 inter-

321 1863 426 1918 textae
448 1865 519 1916 sunt
539 1858 630 1917 tomis
653 1858 768 1918 multae
790 1859 949 1917 versiones
978 1877 1040 1918 non
1063 1860 1137 1919 satis
1161 1878 1242 1920 com·

321 1939 442 2017 modae,
466 1959 563 2022 quae
562 1959 580 1998 a
595 1949 697 2000 mente
720 1948 751 2000 ιι
763 1948 871 2001 senten
873 1935 1049 2002 raLuheri
1061 1941 1243 2022 longissime

322 2021 443 2086 distant
501 2015 575 2082 Post
564 2028 680 2096 tremo,
710 2025 824 2102 scripta
844 2023 967 2092 Lutheri
1000 2025 1066 2084 sine
1096 2025 1242 2105 singulari

321 2125 394 2165 cura
416 2100 531 2165 ordinis
555 2073 687 2166 collecta
656 2113 795 2184 tsunt,
825 2125 894 2165 curn
924 2106 1047 2184 quidem
1079 2107 1243 2186 plurimum

320 2178 432 2248 referat
420 2189 541 2282 tscire,
564 2207 624 2266 quo
647 2195 788 2267 etmpore
811 2188 1053 2270 unumquodque
1074 2189 1182 2251 abt
1128 2209 1168 2249 ιιι
1170 2195 1248 2250 tore

254 2306 261 2331 l
299 2270 385 2342 ‘edit
373 2278 436 2330 tum
458 2271 505 2332 sit
548 2270 625 2330 Nam
650 2271 735 2331 multi
757 2291 827 2332 non
848 2271 1079 2332 considerabat
1067 2278 1240 2353 temporum

320 2355 401 2415 serie
416 2355 509 2433 turpit
511 2371 543 2413 er
498 2353 721 2415 talucinant
709 2361 765 2428 ι,ιιι
790 2354 861 2414 dum
882 2361 1025 2434 praetext
1026 2377 1044 2414 u
1056 2357 1242 2436 scriptorum

320 2432 443 2501 Lutheri
468 2437 569 2498 Christ
558 2444 620 2497 tum
644 2445 676 2497 et
697 2403 794 2497 Βιιιιι
817 2438 983 2498 conciliare
1010 2438 1142 2499 student
1185 2439 1243 2499 Ne

323 2540 381 2599 que
404 2539 477 2581 vero
500 2522 606 2600 negari
627 2540 670 2599 po
674 2528 741 2597 test,
764 2521 861 2581 virum
872 2521 931 2580 Dei
953 2521 1008 2592 sub
1030 2523 1148 2584 initium
1170 2541 1242 2581 con·

322 2604 501 2680 ιιονιιιιιι,
525 2622 592 2661 cum
615 2602 715 2661 adhuc
736 2604 867 2663 fascinat
855 2612 902 2663 tus
925 2611 1007 2664 esset
1023 2611 1129 2683 recept
1128 2605 1155 2663 is
1179 2606 1243 2684 opi-

321 2684 465 2745 nionibus
510 2692 541 2743 ιι
576 2685 797 2781 monachorum
831 2687 977 2747 exercitia
1013 2687 1243 2767 magnifaceret

323 2766 474 2861 quaedam
500 2766 710 2845 imprudenter
733 2770 945 2848 scripsisseet
934 2769 1148 2829 tadre‘rsariis
1171 2788 1243 2850 con·

323 2848 463 2910 cesssise

403 2930 442 2991 Hi
472 2937 503 2990 et
529 2932 643 2992 similes
676 2936 781 3013 naevi,
815 2934 924 3013 quibus
953 2934 1068 3030 scripta
1095 2936 1132 2995 D.
1154 2894 1242 2997 Mart.

321 3014 365 3073 Lu
367 3012 444 3073 theri
474 3013 646 3075 deformata
668 3023 769 3095 erant,
794 3018 966 3077 excitarunt
997 3018 1079 3096 piam
1109 3024 1242 3078 mentem

321 3094 432 3157 Illust
397 3096 519 3156 tussimi
541 3096 705 3177 Principis,
736 3064 888 3159 Electoris
911 3100 977 3159 nati
952 3100 1160 3176 ιι,ιιιιιιιιιι
1182 3121 1242 3160 me-

322 3180 454 3256 moriae,
488 3187 521 3239 ut
549 3188 620 3275 post
649 3182 783 3243 divinam
810 3182 1026 3243 liberationem
1059 3183 1097 3243 de
1124 3184 1181 3242 viis
1213 3191 1244 3243 et

219 3298 222 3306 ‚
321 3262 490 3323 rationibus
513 3266 678 3343 cogittare,
707 3266 815 3345 quibus
838 3266 936 3325 sancti
957 3266 1013 3325 viri
1044 3273 1244 3326 monumenta

321 3350 414 3425 propt
416 3364 448 3405 er
469 3342 626 3431 publicam
650 3348 802 3409 ecclesiae
830 3353 863 3405 ut
852 3339 992 3408 tilitatem
1020 3368 1112 3428 pure,
1145 3349 1243 3409 incor-

323 3436 426 3507 rupte,
454 3430 588 3511 integre,
624 3424 809 3509 or·dine,et
778 3430 896 3506 esine
919 3431 987 3494 ullis
1011 3431 1244 3502 medicamentis
1282 3478 1286 3483 .

316 3511 566 3589 ederentur,et
555 3513 631 3572 tad
659 3520 803 3593 posteros
832 3532 893 3591 op
875 3520 952 3575 rma
977 3511 1038 3575 fide
1060 3516 1244 3590 transmitte·

318 3602 434 3670 rt.enur
477 3594 595 3737 Itaquet
613 3615 651 3657 ex
683 3596 785 3657 Dania
815 3598 939 3676 vpcavit
927 3596 1179 3658 tvenerandum
1214 3604 1243 3655 et

322 3676 463 3743 doctrina
491 3684 649 3757 praesen
651 3698 698 3738 em
729 3680 841 3757 virum,
874 3677 1033 3756 dominum
1062 3688 1093 3741 et
1119 3680 1242 3739 fratrem

323 3780 423 3821 meum
445 3762 476 3819 in
489 3758 590 3821 Christ
578 3767 609 3821 to
625 3762 814 3831 carissimum
834 3726 874 3826 ιιι
889 3759 1057 3849 Georgium
1069 3762 1243 3838 Rorarium,

323 3844 370 3902 oui
391 3841 433 3901 Lu
437 3840 566 3903 therus
559 3864 626 3923 ipse
647 3844 708 3905 hoc
729 3842 846 3925 negotii
862 3844 1011 3916 dederat,
1033 3851 1065 3905 ιι
1053 3844 1167 3905 off
1142 3864 1243 3903 cinam

322 3927 576 4008 typographicam
599 3928 696 3989 lenae
718 3928 858 4009 instituit,
881 3934 915 3988 ut
936 3919 1044 3991 omnes
1067 3928 1145 4009 libri,
1169 3946 1243 4007 quo-
