3075 4750
365 495 427 564 172
639 467 645 493 ⁶
678 498 827 554 Sermones
845 497 956 554 huthsri

366 690 424 732 sna
445 675 479 732 ut
499 677 602 753 neget,
624 670 707 732 Deus
729 670 891 734 abscondit
911 689 966 731 sua
987 677 1021 731 ut
1041 667 1168 732 revelet.
1208 665 1284 729 Abs·

365 754 472 816 condit
483 756 564 815 enim
587 754 775 834 sapientibus
792 759 823 815 st
839 755 968 836 magnis,
989 761 1023 814 ut
1042 752 1243 814 humilientur
1256 755 1286 811 et

318 877 324 884 ›
364 838 546 918 insipientes
568 836 659 916 iisnt,
687 844 719 898 ct
745 839 790 898 sic
816 836 951 918 parvulis
972 838 1099 916 revelet,
1120 836 1181 896 hoc
1202 835 1285 895 enim

365 920 520 1001 placidum
543 927 591 981 est
610 939 714 982 coram
742 939 781 981 eo
809 927 851 981 etv
866 921 984 1002 optima
1011 921 1170 997 voluntas,
1204 917 1287 978 iusta

365 1009 397 1065 et
416 1010 502 1064 recta
523 1010 554 1064 et
575 1010 690 1065 sancta.
733 1003 773 1064 nt
794 1022 874 1082 quse
895 1003 1005 1065 melior
1017 1004 1170 1078 voluntas,
1193 1019 1287 1083 quam

367 1103 447 1167 quae
469 1106 526 1147 sua
547 1086 752 1149 absconsione
786 1086 862 1147 nihil
893 1085 975 1147 aliud
1007 1087 1100 1164 iacit,
1134 1103 1228 1163 quam
1255 1091 1289 1144 ut
1376 1139 1377 1150 ,

364 1169 589 1250 impedimenta
620 1170 818 1231 revelationis
846 1169 951 1249 tollat,
982 1170 1003 1230 i.
1033 1190 1060 1230 e.
1088 1167 1288 1249 superbiam?
1376 1159 1377 1182 l

364 1251 435 1314 Duo
455 1253 506 1313 hic
526 1258 724 1332 quaeruntur:
767 1251 848 1328 Quid
871 1253 932 1312 sint
954 1254 1109 1333 sapientes
1137 1257 1169 1311 st
1196 1250 1287 1311 intel-

266 1352 269 1357 *
365 1336 511 1417 ligantes,
540 1336 648 1414 quihus
678 1334 907 1397 absconduntur
926 1335 1007 1396 ista?
1036 1336 1183 1410 alterum,
1206 1353 1288 1413 quae

366 1419 428 1480 sint
447 1418 502 1479 illa
522 1417 724 1497 abscondita?
764 1418 813 1479 Ad
828 1419 960 1498 primum
982 1419 1096 1499 passim
1118 1416 1288 1497 responde·

367 1508 433 1580 tur,
462 1501 545 1581 quod
567 1503 724 1582 sapientes
753 1508 784 1562 et
805 1501 1012 1583 intelligentes
1042 1502 1118 1578 sint,
1147 1501 1199 1579 qui
1230 1499 1288 1561 sibi
1377 1565 1378 1586 ,

366 1584 509 1646 videntur
529 1584 607 1646 tales
629 1589 660 1644 et
680 1603 754 1645 vere
773 1602 837 1645 non
858 1591 938 1645 sunt.
980 1585 1068 1646 Hanc
1083 1583 1222 1665 glossam
1238 1602 1288 1644 ve·
1377 1589 1378 1614 ³

365 1687 430 1729 ram
454 1666 576 1748 quidem
597 1666 652 1728 sed
670 1668 888 1745 obscuriorem,
910 1687 1001 1747 quani
1024 1669 1064 1728 sit
1083 1667 1151 1747 ipse
1172 1671 1288 1745 textus,

366 1751 453 1812 multi
476 1751 590 1829 dicunt,
612 1751 662 1829 qui
684 1751 808 1830 ipsimet
829 1750 906 1810 teles
929 1757 1000 1811 sunt
1020 1757 1052 1812 et
1072 1748 1288 1827 noncredunt,
1318 1763 1323 1778 ‘

366 1852 401 1894 se
423 1834 498 1894 tales
521 1853 606 1913 esse,
637 1834 701 1895 imo
741 1833 957 1895 abominantur
996 1831 1157 1894 eiusmodi.
1198 1831 1290 1896 Haec

367 1917 449 1977 enim
468 1917 578 1998 glossa
599 1917 644 1977 sic
672 1922 780 1994 sonat,
810 1917 896 1995 quasi
918 1916 1011 1994 aliqui
1039 1917 1100 1976 sint
1120 1916 1288 1996 sapientes,

307 2036 312 2049 ·
366 1999 419 2060 alii
441 1999 498 2061 sihi
519 1999 680 2060 videantur
701 2004 837 2076 tantum,
871 2017 950 2078 quae
970 1999 1027 2060 'est
1046 1998 1224 2080 periculosa
1245 1999 1288 2058 in·
1378 2073 1379 2078 ἵ

366 2081 547 2162 telligentia,
568 2083 711 2163 proxima
732 2079 909 2162 superbies,
944 2082 1072 2163 istisque
1093 2082 1220 2161 propria
1235 2082 1287 2161 qui

343 2165 517 2233 ,eiusmodi
557 2166 712 2246 sapientes
739 2171 819 2225 sunt
861 2163 935 2225 Ideo
968 2164 1148 2226 Christianis
1183 2162 1287 2225 dicen-

366 2247 455 2308 dum:
497 2247 661 2329 Sapientes
682 2249 732 2308 isti
754 2254 844 2329 sunt,
875 2248 1049 2327 quicunque
1080 2245 1288 2327 quodcunque

366 2332 497 2413 sapiunt,
519 2332 652 2394 maxime
672 2333 704 2393 in
725 2331 879 2413 sapientia
895 2331 953 2392 Dei
969 2337 1000 2392 et
1017 2349 1105 2393 secra
1119 2330 1286 2411 scriptura:
1379 2377 1380 2407 ι

366 2415 444 2477 tales
466 2416 547 2477 enim
569 2435 677 2477 omnes
699 2422 731 2476 et
751 2418 823 2477 sunt
844 2420 875 2476 et
895 2410 1105 2476 videntursihi
1118 2416 1287 2494 sapientes.
1379 2412 1380 2427 ²

365 2498 460 2559 Porro
482 2498 543 2578 illi,
573 2495 651 2579 quos
672 2499 730 2579 ipsi
753 2498 912 2579 appellant
934 2516 1008 2558 vere
1030 2498 1199 2579 sapientes,
1236 2498 1287 2576 qui

366 2600 430 2642 non
452 2581 511 2643 sibi
532 2581 687 2659 videntur,
715 2580 747 2640 hi
776 2587 848 2642 sunt
869 2599 932 2641 nou
955 2582 1007 2660 qui
1029 2579 1213 2662 sapientiam
1236 2579 1287 2640 ha

366 2664 451 2742 bant,
474 2664 530 2741 sed
552 2664 636 2725 stulti
657 2671 690 2725 et
709 2669 837 2743 egentes
859 2664 1012 2743 sapientie
1029 2670 1061 2723 ct
1073 2662 1288 2743 intelligentis,

366 2745 507 2807 videntes
535 2748 602 2807 sinc
629 2747 713 2808 omni
740 2744 867 2807 fictione
897 2747 999 2807 cordis
1021 2765 1055 2807 se
1078 2764 1194 2807 vacuos
1218 2764 1289 2806 esse

367 2835 399 2890 et
417 2847 542 2909 prorsus
564 2829 639 2889 nihil
660 2830 748 2890 scire.
783 2829 831 2909 Hi,
854 2830 992 2909 inquam,
1004 2846 1078 2890 rere
1095 2828 1288 2909 insipientes,

310 2934 316 2942 “
368 2911 422 2973 ssd
445 2912 626 2992 sapientiam
649 2912 802 2990 sitientes,
832 2913 893 2992 ipsi
926 2918 997 2972 sunt
1025 2912 1181 2994 sapientes
1203 2930 1288 2971 vere.

368 2995 471 3057 (lateri
493 3013 619 3071 omnes,
648 2996 714 3055 sive
735 2995 794 3056 sibi
815 2994 993 3073 videantur,
1023 3001 1058 3055 ut
1085 3000 1155 3054 sunt
1183 2994 1289 3054 rustici

371 3084 405 3139 et
425 3096 528 3138 cmse
549 3079 742 3159 ignorantes,
776 3079 842 3139 sive
863 3076 998 3139 hahes-nt
1018 3077 1222 3157 sapientiam,
1256 3083 1291 3136 ut

369 3160 496 3222 subtiles
519 3161 709 3241 hypocritae,
731 3179 839 3221 omnes
863 3167 933 3221 sunt
954 3163 1118 3241 sapientes,
1141 3160 1290 3239 quianon

320 3257 323 3263 '
368 3244 564 3326 insipientes,
598 3263 661 3305 non
691 3244 781 3305 vacui
813 3263 876 3306 non
906 3245 1073 3304 esurientes
1096 3243 1291 3322 sapientiem,

368 3346 432 3389 non
454 3326 582 3407 parvuli.
616 3326 707 3388 Unde
728 3326 899 3407 apostolus,
921 3328 1062 3407 egregius
1084 3325 1203 3403 doctor,
1225 3343 1291 3385 non

370 3411 427 3489 ait,
459 3410 509 3489 qui
530 3408 596 3471 vult
617 3427 687 3471 esse
709 3409 832 3490 sapiens
854 3411 1020 3489 intervos,
1042 3408 1151 3469 stultus
1173 3407 1231 3469 sibi
1247 3409 1292 3467 vi-

370 3492 478 3553 deatur
498 3498 551 3553 sut
572 3512 607 3553 se
627 3498 749 3573 reputet
770 3492 826 3553 sed
848 3493 888 3553 sit
907 3492 1027 3570 stultus,
1039 3497 1074 3552 ut
1094 3490 1134 3550 sit
1155 3491 1292 3569 sapiens.

368 3575 449 3636 Nam
469 3575 548 3637 haec
569 3580 617 3635 est
641 3594 716 3636 vera
737 3575 931 3637 enunciatio:
962 3574 1071 3635 stultus
1095 3579 1143 3634 est
1165 3574 1293 3652 sapiens

370 3666 402 3719 et
422 3659 548 3738 sapiens
569 3664 618 3719 est
639 3657 766 3735 stultus,
789 3657 898 3719 stultus
920 3656 1042 3721 scilicet
1063 3675 1118 3717 sus
1138 3656 1295 3736 sapientia

371 3748 419 3802 est
440 3741 550 3802 stultus
571 3740 682 3820 aliena,
704 3742 723 3801 i.
736 3760 763 3802 c.
776 3741 834 3801 Dei
854 3740 1025 3802 indurantis
1048 3746 1079 3801 et
1100 3739 1293 3819 imputantis.

253 3845 256 3849 ·
370 3822 430 3899 Qui
453 3825 534 3884 enim
557 3842 591 3884 se
613 3825 771 3906 agnoseit,
789 3824 866 3883 sicut
887 3842 961 3884 vere
984 3830 1032 3884 est
1053 3821 1162 3883 stultus
1184 3840 1293 3882 coram

370 3906 449 3980 Deo,
470 3906 542 3969 huic
561 3908 727 3988 imputatur
747 3906 827 3969 haec
846 3905 1002 3969 humilitas
1023 3922 1080 3987 pro
1103 3922 1223 3966 summa
1246 3924 1294 3965 sa-

370 3990 495 4070 pientia.
