3075 4750
596 519 621 557 a
641 503 712 562 idid
728 505 836 561 naun„
1109 503 1171 570 118
1261 573 1265 578 ,

243 675 322 736 Deo.
350 673 457 734 Primo
471 677 506 732 nt
531 673 565 732 in
582 672 685 734 Deum
708 674 895 736 disceremus
918 671 1170 734 eonflderasatis

242 776 314 819 esse
350 756 463 818 debuit
482 754 667 816 beustioinm
699 765 831 819 naturae
862 757 953 819 nobis
990 756 1093 818 datae.
1136 755 1169 818 si

244 842 328 902 enirn
350 838 515 918 oredimus,
537 839 621 918 qaod
641 841 709 920 ipse
729 841 881 920 faaitnos,
902 842 969 921 ipss
981 845 1085 900 tuetur·
1100 857 1168 917 nos,

244 926 311 1004 ipae
348 923 463 983 ducat
493 939 565 1002 uos,
604 924 674 1004 ipse
708 926 815 984 omnia
847 931 951 985 oreata
976 923 1051 984 iacit
1080 921 1170 984 nobis

245 1007 376 1087 muira
395 1006 422 1064 si
444 1005 532 1083 haee,
554 1007 689 1085 inquam,
711 1007 863 1069 oredimus
885 1025 960 1068 uera
982 1023 1069 1085 essa,
1092 1007 1171 1066 siout

244 1097 335 1169 aunt,
375 1087 535 1167 quomodo
560 1095 678 1168 -poteet
723 1089 809 1170 fieri,
837 1096 871 1151 ut
905 1109 968 1150 non
1001 1088 1171 1150 afficiamur

244 1173 330 1234 bono
354 1169 449 1232 sorde
470 1172 503 1231 in
526 1169 640 1232 illum?
682 1171 849 1248 Quomodo
878 1173 1028 1234 irascetur
1049 1177 1102 1232 aut
1116 1173 1170 1231 im·

237 1244 369 1337 'meua
389 1255 456 1331 erit,
485 1254 515 1314 si
540 1255 703 1334 quiequam
723 1256 834 1317 horum
856 1257 983 1316 auferat.
1026 1254 1169 1334 Quinque

242 1357 355 1400 sensus
376 1335 464 1397 dedit
484 1336 559 1416 tibi,
582 1339 665 1416 qnod
688 1339 714 1399 si
735 1357 829 1400 unum
852 1338 1002 1400 amittas?
1022 1337 1170 1416 numquid

243 1422 305 1483 alio
340 1421 442 1500 fugies
471 1436 565 1498 qnam
591 1420 631 1480 ad
657 1421 773 1501 Deum,
804 1430 836 1482 et
863 1441 926 1483 nou
948 1422 1052 1502 potius
1075 1419 1169 1497 diaes',

242 1507 314 1586 ipse'
333 1503 411 1564 fouit
429 1521 495 1582 me,
527 1503 626 1582 ipsius
647 1523 715 1564 sum
736 1523 797 1586 ego
826 1512 858 1566 at
885 1506 990 1568 onnia
1017 1522 1096 1582 quas
1117 1503 1169 1562 ha·

242 1587 314 1648 ban.
365 1585 435 1646 iias
466 1585 657 1666 cogitatione
685 1595 819 1648 armatus
851 1588 907 1648 fuit
934 1587 1011 1665 Job,
1045 1583 1169 1666 quando

242 1669 389 1732 omnibus
409 1669 531 1728 amissis
543 1667 635 1730 dixit:
648 1669 800 1731 Dominus
813 1670 907 1750 dedit,
930 1670 1080 1731 Dominus
1101 1667 1169 1729 aba·

240 1755 322 1817 tulit.
369 1750 463 1827 Quod
485 1758 517 1811 et
529 1750 651 1813 Jasaias
673 1752 749 1834 Gap.
772 1753 875 1816 XLVI.
891 1753 1019 1832 requirit
1039 1771 1059 1814 a
1079 1750 1169 1814 nobis

240 1837 368 1915 disens,
400 1853 500 1913 usqne
528 1834 569 1894 ad
596 1843 754 1896 wuaatm
783 1855 843 1917 ego
870 1836 937 1916 ipse
960 1841 992 1896 et
1011 1849 1109 1914 usque
1129 1833 1170 1894 ad

242 1938 342 1982 uanos
363 1917 512 1999 portabo,
541 1937 601 1998 ego
622 1919 697 1998 feei,
724 1937 787 2000 ego
807 1919 921 1997 feram,
955 1931 1014 2000 ego
1037 1917 1169 1998 portabo

241 2011 273 2064 et
303 2000 449 2063 salvabo.
470 2011 475 2014 “
498 2001 555 2062 cu
582 2002 776 2063 assimilastis
811 2009 842 2062 et
872 2002 1068 2082 adaequastis
1096 1999 1170 2061 me?

242 2084 505 2231 tduttt
520 2083 866 2229 idttttttttr
883 2083 1170 2230 uditate

241 2254 346 2314 Deum
368 2250 629 2329 omnipotentem,
651 2257 689 2328 at
713 2251 797 2330 quod
814 2187 911 2312 Deus
929 2213 1035 2312 onidis
1061 2250 1169 2328 possit,

241 2337 352 2399 omnia
362 2333 482 2411 iecerit,
504 2333 610 2395 omnia
628 2333 729 2415 iaoiat,
753 2336 779 2395 si
802 2333 954 2416 obtingat,
975 2339 1009 2394 ut
1029 2333 1171 2393 amittant

174 2514 177 2517 ι
241 2417 518 2567 'suffia
534 2414 1170 2574 utantuusntuntn

242 2586 293 2647 vel
320 2544 531 2645 daemonun’
549 2590 741 2645 amentes..
779 2583 877 2660 Quod.
917 2584 944 2643 si
985 2582 1168 2662 interroges,

240 2690 281 2730 an
300 2666 436 2729 eradant
451 2666 556 2726 Deum
575 2667 841 2748 omnipotentem?
871 2664 1079 2747 respondent,
1102 2680 1167 2725 om·

241 2755 318 2813 nino
337 2747 506 2811 neumas:
529 2748 633 2823 Quare
647 2770 723 2831 ergo
736 2768 799 2811 non
812 2751 890 2813 naeu
904 2750 943 2810 ab
963 2748 1018 2809 illo
1041 2747 1167 2827 suseipi-

242 2835 305 2896 tis?
362 2829 447 2907 Quid
467 2831 661 2912 allegabunt,
693 2834 753 2893 nisi
785 2833 869 2915 quod
902 2832 981 2895 false
1008 2830 1114 2892 dieunt
1134 2849 1169 2890 se

243 2915 386 2994 eradere,
408 2922 461 2976 ant
480 2922 655 2995 mount
676 2935 765 2984 sum
785 2916 1003 2997 insipientium.

328 2998 428 3081 igitur
447 2998 579 3079 primurn
600 3000 644 3059 ait
667 3001 817 3059 motivum
845 2998 1058 3076 considerare,
1084 2994 1169 3075 qnod

244 3084 358 3146 omnia
382 3080 467 3143 bona
486 3082 724 3143 uoatraexDeo
741 3082 900 3162 habemns,
924 3100 962 3143 ao
982 3079 1054 3142 ideo
1078 3078 1170 3141 habe-

243 3186 330 3247 rnus,
362 3170 400 3225 ut
417 3181 480 3244 par
506 3183 544 3225 ea
571 3165 604 3224 in
625 3165 711 3225 ilium
733 3184 892 3245 speremus
916 3161 1170 3241 asennaeum,

243 3256 294 3329 ut,
330 3248 386 3327 qui
419 3252 506 3308 tanta
539 3246 639 3325 dedit,
671 3249 765 3309 etiam
801 3250 920 3310 maiora
955 3246 1072 3309 deame
1097 3244 1172 3306 velit

244 3341 276 3395 at
295 3331 412 3413 possit
457 3333 568 3391 Verum
590 3330 751 3392 nobiseum
779 3331 857 3393 indit
886 3332 966 3393 siout
990 3336 1080 3411 pater
1102 3346 1171 3388 oum

244 3414 400 3478 infantulo
422 3432 490 3492 auo,
512 3414 563 3474 oni
583 3414 683 3475 aufert
703 3414 934 3495 munusculum,
967 3420 1001 3473 ut
1025 3410 1170 3495 adsutum
1205 3456 1206 3460 ,

244 3498 300 3561 iiiii
322 3496 439 3578 probet
458 3495 540 3558 etad
554 3514 625 3557 sese
637 3496 795 3559 soilioitet
828 3497 922 3559 Dedit
938 3496 1031 3574 enim,
1049 3501 1082 3555 ut
1095 3492 1169 3553 ddu-

245 3584 327 3643 aiam
343 3580 400 3649 ‚sui
419 3579 557 3658 isserat,
587 3580 687 3641 aufert
706 3586 746 3642 ut
761 3580 873 3662 probet
894 3578 1036 3642 eandem.
1079 3574 1171 3650 Quod

246 3668 272 3726 si
293 3663 412 3726 filiolus
433 3661 565 3727 libenter
590 3662 709 3740 reddit,
740 3665 890 3727 maiorem
906 3661 1058 3725 *effaetum
1076 3658 1172 3739 patris

221 3812 224 3820 ,
247 3768 286 3809 ea
306 3746 423 3815 fiduoia
443 3744 502 3812 sibi
523 3751 638 3825 parat·
665 3746 823 3812 aientem
855 3747 949 3825 nolit,
976 3742 1033 3803 sed
1060 3740 1172 3821 plorat,

247 3830 495 3911 indignationem
523 3830 626 3909 potius
657 3848 696 3889 aa
726 3830 845 3911 virgam
871 3848 934 3891 uua
961 3840 1028 3887 oum
1058 3824 1172 3884 damno

212 3932 219 3938 ·
248 3915 395 3975 incurret.
437 3912 487 3978 ita
504 3911 590 3973 Dens
610 3912 685 3973 fauit
704 3926 772 3972 eum
797 3911 937 3975 omnibus
959 3908 1050 3970 bonis
1070 3906 1172 3968 visibi-

248 3995 341 4076 libas,
356 3996 450 4059 etiam
464 3995 530 4057 uita
539 3995 618 4076 ipsa,
631 4013 724 4075 quam
738 3994 823 4057 dedit
833 3994 934 4057 nobis.
956 3990 1067 4053 Omnia
1079 3988 1173 4070 dedit,
1209 4046 1213 4061 ,

277 4131 371 4174 naeu
384 4141 436 4182 opp.
449 4132 477 4174 v.
490 4130 519 4172 e.
532 4129 562 4170 nu
574 4130 615 4171 rer.
629 4099 680 4172 lust
693 4130 709 4170 ι.
721 4139 744 4180 p.
757 4130 808 4171 vu.
821 4129 839 4169 n
945 4098 965 4162 8

579 4196 590 4220 Ι
