3075 4750
358 489 420 556 178
685 491 833 546 Sermones
851 489 963 545 botheri

357 643 474 743 aliquid
495 661 637 730 videntur
659 679 742 741 esse,
773 661 954 723 arbitrantes
979 679 1014 720 se
1044 678 1162 740 sapere,
1192 657 1277 720 intel-

358 749 466 828 ligere,
488 745 568 806 bene
589 745 703 804 vivere.
745 743 787 810 m
807 746 852 808 sic
873 761 928 824 per
949 743 1102 804 Christum
1123 744 1143 804 i.
1165 761 1193 803 e.
1216 741 1277 822 glo-

360 831 437 891 riam
459 828 517 888 Dei
535 846 621 888 suam
643 828 775 908 gloriam
798 833 958 907 quaerunt,
980 834 1014 886 ut
1033 833 1110 908 puta
1130 843 1186 907 pro
1211 843 1280 885 con-

359 911 535 972 firmatione
556 929 631 971 suae
652 910 821 991 dignitatis,
841 911 941 970 Deum
954 910 1109 992 hospitem
1121 907 1281 985 habentes,

360 997 411 1074 qui
427 992 498 1054 ideo
520 992 559 1054 ad
576 1013 630 1054 eos
647 992 817 1071 declinarit,
833 995 904 1074 quia
918 992 1003 1073 digni
1017 999 1105 1070 sunt,
1126 989 1197 1051 ideo
1213 1009 1282 1050 eum

359 1082 546 1158 reputantes,
558 1083 592 1137 ut
597 1095 653 1158 per
660 1096 729 1137 eum
739 1083 931 1158 reputentur,
942 1075 1025 1155 quod
1033 1077 1057 1135 si
1065 1093 1127 1137 non
1139 1080 1283 1216 reputen-

360 1166 409 1220 tur
422 1178 477 1239 per
485 1178 565 1238 eum,
577 1160 637 1220 iam
646 1165 769 1220 cessant
778 1177 848 1220 eum
860 1166 1002 1239 reputare
1010 1177 1048 1220 ac
1056 1158 1159 1238 magni
1181 1175 1285 1236 acere,

361 1249 392 1302 et
403 1240 1181 1324 siciustifioanturinopinionesuabonadeseipsis,
1192 1238 1286 1320 quod,

361 1325 413 1387 ubi
434 1344 497 1386 non
520 1323 564 1402 flt,
587 1327 757 1387 irascuntur
778 1333 809 1386 et
835 1331 1033 1404 murmurent,
1053 1323 1198 1384 videlicet
1214 1341 1286 1404 pec-

362 1415 483 1470 catores
507 1407 565 1469 sibi
585 1409 748 1488 praeferri:
779 1415 810 1469 et
838 1409 939 1469 statim
968 1409 1087 1488 proruit
1106 1405 1215 1466 infelix
1238 1426 1285 1465 su·

362 1491 468 1572 perbia
497 1492 624 1553 interior
667 1494 698 1551 in
739 1491 886 1552 iudicium
923 1492 1133 1568 temerarium,
1166 1489 1219 1550 vel
1255 1490 1286 1548 in

363 1575 602 1637 ostentationem
626 1576 687 1654 sui,
714 1575 746 1634 in
777 1571 999 1654 blasphemiam
1031 1573 1105 1658 Dei,
1139 1572 1287 1654 quoniam

363 1666 425 1720 tam
448 1656 575 1738 pulchre
598 1676 631 1717 se
653 1665 817 1718 ornaverat
838 1657 922 1738 prins
945 1657 1107 1718 decoribus
1131 1655 1287 1716 bonorum

364 1759 502 1822 operum.
555 1739 594 1799 Hi
621 1759 696 1820 ergo
727 1741 772 1801 sic
801 1738 954 1802 Christum
983 1746 1146 1820 quaerunt,
1168 1750 1288 1800 utnon

386 1843 421 1884 er
451 1842 522 1883 eum
550 1821 721 1903 salventur,
752 1823 807 1885 sed
830 1829 863 1883 ut
894 1824 998 1884 salvos
1021 1842 1054 1884 se
1076 1819 1288 1884 testificentur.

364 1844 435 1968 {lon
457 1911 614 1966 auctorem
637 1906 786 1986 iustitiae,
815 1907 870 1966 sed
901 1913 1013 1966 testem
1035 1900 1289 1966 sanctificationis

365 2007 440 2048 suae
462 1989 629 2068 requirunt,
650 2009 688 2049 ac
709 2009 775 2075 pery
786 1990 847 2050 hoc
858 2009 892 2050 se
904 1989 1050 2050 meliores
1066 1996 1097 2049 et
1113 1989 1289 2069 superiores

366 2090 404 2132 eo
435 2070 643 2131 aestimantes.
694 2073 760 2133 Ah!
789 2072 871 2134 bone
902 2073 1002 2152 Dens,
1037 2091 1128 2152 quam
1162 2069 1289 2152 grandis

366 2153 496 2214 stultitia
518 2160 565 2213 est
585 2153 730 2216 iudicatio
753 2156 895 2236 proximi.
940 2155 997 2215 Hic
1018 2161 1208 2215 murmurant
1225 2173 1289 2216 om-

366 2255 439 2316 nes,
461 2255 570 2298 omnes
591 2245 706 2301 temere
727 2237 883 2316 iudicant,
911 2243 988 2305 tam,
1001 2237 1171 2299 communis
1193 2238 1290 2318 pestis

366 2327 414 2383 est
436 2319 580 2382 iudicium
604 2323 797 2385 temerarium
820 2322 913 2383 etiam
941 2340 1038 2403 usque
1064 2321 1174 2400 hodie,
1202 2320 1290 2381 cuius
1327 2357 1332 2366 -

366 2423 460 2465 causa
481 2411 529 2465 est
550 2407 684 2466 caecitas
696 2425 810 2487 magna
826 2412 858 2465 et
872 2406 1048 2487 ignorantia
1063 2405 1235 2487 sapientiae
1257 2405 1291 2463 in

369 2488 521 2568 mysterio
560 2487 761 2550 absconditae
793 2488 1033 2569 asapientibus
1066 2496 1098 2548 et
1133 2488 1291 2549 revelatae

367 2570 511 2651 parvulis.
555 2568 633 2632 Sunt
654 2572 736 2631 enim
758 2572 841 2633 stulti
864 2578 896 2631 et
905 2573 1000 2633 crassi
1023 2572 1131 2651 sancti,
1144 2571 1206 2652 qui,
1219 2590 1290 2631 cum

367 2671 494 2735 grossos
517 2652 653 2717 defectus
675 2656 707 2716 in
731 2674 764 2715 se
786 2673 850 2715 non
872 2656 1017 2735 sentiunt,
1035 2655 1136 2715 nullos
1149 2653 1290 2715 desectus

365 2736 398 2795 in
421 2755 455 2797 se
477 2742 624 2799 statuunt.
666 2736 741 2798 ldeo
763 2738 857 2798 tutius
881 2744 945 2815 est,
968 2738 1081 2799 multos
1104 2756 1235 2818 magnos
1260 2746 1292 2798 et

367 2837 488 2879 crassos
523 2817 659 2881 defectus
690 2820 806 2881 habere
840 2839 934 2901 quam
963 2820 1073 2883 nullos.
1116 2820 1208 2881 Ratio
1232 2828 1290 2901 est,

368 2901 449 2980 quia,
470 2920 541 2961 cum
561 2904 661 2963 omnis
683 2903 777 2965 homo
801 2904 840 2963 sit
862 2924 960 2967 vanus
982 2910 1013 2965 et
1031 2903 1166 2965 mendax
1182 2923 1290 2965 coram

367 2984 450 3063 Deo,
474 2984 532 3045 soli
554 2984 599 3045 illi
619 2986 680 3047 hoc
701 2988 861 3069 ignorant,
895 2987 946 3067 qui
973 2989 1005 3049 in
1027 3007 1120 3049 sensu
1142 2995 1174 3049 et
1195 2986 1291 3049 corde

369 3085 402 3129 se
431 3066 509 3128 tales
543 3069 683 3130 nonnihil
720 3070 896 3150 inveniunt,
935 3090 971 3131 ao
998 3072 1030 3131 in
1058 3070 1119 3145 hoc
1150 3072 1291 3131 contenti

367 3157 448 3229 sunt,
467 3148 622 3215 dicentes:
644 3151 727 3213 Nihil
743 3154 818 3214 mihi
831 3155 972 3215 conscius
985 3174 1060 3235 sum,
1079 3173 1152 3236 ergo
1175 3154 1207 3215 in
1230 3154 1292 3215 hoc
1370 3174 1371 3188 ¹

367 3232 547 3295 iustificatos
569 3255 654 3315 sum,
676 3255 745 3296 cum
766 3236 827 3298 hoc
843 3236 944 3317 ipsum
965 3239 1004 3298 sit
1022 3236 1290 3299 horribilissimum

368 3324 545 3397 peccatum,
569 3337 632 3379 non
655 3338 723 3380 esse
746 3320 790 3379 sic
812 3321 985 3401 conscium,
1016 3320 1100 3400 quod
1121 3321 1161 3381 sit
1182 3320 1289 3383 iustifi—
1369 3358 1370 3398 ,

370 3406 455 3460 catus
477 3420 517 3461 ex
538 3420 587 3462 eo.

451 3482 513 3543 Alii
534 3484 732 3564 spiritualiter
753 3492 785 3546 et
805 3506 888 3566 vere,
911 3487 971 3566 qui,
994 3494 1027 3547 ut
1048 3486 1121 3568 dixi,
1152 3506 1216 3549 non
1239 3509 1289 3549 au·
1368 3516 1369 3537 κ

369 3564 443 3626 dent
464 3586 535 3627 eum
556 3566 596 3627 ad
618 3587 652 3628 se
674 3587 787 3648 cupere
810 3589 884 3649 pree
906 3570 1002 3630 nimia
1024 3590 1080 3635 sua
1100 3570 1290 3652 indignitate
1368 3580 1369 3585 ’

372 3656 403 3708 et
430 3649 510 3709 illins
543 3649 707 3731 dignitate,
736 3659 767 3711 et
795 3671 833 3713 eo
856 3653 925 3732 ipso
953 3660 1056 3715 tamen
1084 3654 1289 3716 vehementis-

371 3733 448 3791 sime
470 3751 540 3792 eum
561 3741 692 3813 vocant,
725 3754 781 3815 per
802 3736 977 3815 negativam
999 3737 1197 3799 fortissimam
1221 3757 1291 3800 con·
1367 3766 1368 3815 l

371 3813 531 3876 cludentes
552 3814 776 3880 affirmativam.
819 3816 869 3879 Sic
896 3824 998 3880 autem
1020 3820 1103 3881 Deus
1127 3823 1293 3901 quaeritur,

371 3896 444 3959 dum
459 3918 521 3959 non
534 3901 698 3979 quaeritur,
720 3900 871 3980 laudatur,
894 3900 967 3963 dum
987 3922 1050 3965 non
1073 3905 1226 3983 laudatur,
1251 3906 1292 3967 di·
1366 3936 1367 3941 ¹

371 3980 482 4061 ligitur,
505 3981 577 4042 dum
595 4002 658 4045 non
679 3982 823 4064 diligitur,
846 3986 968 4065 petitur,
990 3986 1062 4049 dum
1085 4006 1147 4049 non
1161 3990 1292 4068 petitur,
1366 3948 1367 4026 l
