3075 4750
363 476 405 548 82
456 536 461 548 ,
688 484 836 538 Sermones
854 481 966 537 Lutheri

364 660 496 734 gentse
518 653 630 732 dicere,
654 653 736 732 quod
758 654 894 713 maxime
915 653 1028 731 dicunt,
1050 657 1083 712 et
1102 655 1226 731 negant,
1248 667 1282 710 se

364 747 402 798 eo
426 736 519 797 modo
541 735 660 816 dicere,
687 754 748 815 quo
771 743 874 796 tamen
897 735 1010 796 dicunt.
1052 735 1124 795 Non
1145 752 1201 793 eos
1221 733 1283 794 lroc

364 820 536 898 excusabit,
570 821 642 898 quia
668 819 814 899 disponet
841 822 938 879 iustus
969 837 1127 880 sermones
1152 835 1226 876 suos
1249 817 1281 875 in

363 902 486 963 iudicio.
529 902 651 982 Videat,
673 921 733 981 qno
748 903 885 963 motivo?
908 921 968 981 qua
985 899 1191 962 necessitate?
1212 899 1281 959 cui?

363 985 543 1063 quomodo?
577 992 608 1045 et
636 988 702 1064 quis
727 985 832 1046 dicat?
876 985 908 1046 Si
929 987 1011 1045 enim
1033 984 1134 1063 solum
1154 1002 1195 1042 ex
1217 983 1280 1043 otio

363 1074 415 1126 aut
433 1067 622 1129 abnndantia
638 1069 739 1129 cordis
756 1069 819 1130 hoo
833 1070 906 1149 agit,
928 1074 1038 1129 caveat
1057 1067 1116 1128 sibi
1135 1085 1174 1125 ne
1195 1066 1283 1126 iuxta
1379 1106 1380 1155 3

362 1150 576 1229 proverbium:
619 1152 687 1216 Dea
709 1153 807 1229 leuitt
828 1155 895 1215 riter
915 1154 984 1230 tetre
1004 1151 1100 1226 {birse
1118 1150 1232 1227 mactet,
1255 1168 1282 1211 rr

362 1235 463 1296 lumini
482 1235 553 1312 [unit
575 1239 639 1308 trel,
662 1237 682 1297 i.
705 1255 732 1295 e.
756 1237 807 1313 qui
831 1241 979 1296 extenuat
999 1254 1087 1294 suurn
1108 1237 1281 1313 peccatum,
1379 1302 1380 1317 ,

362 1322 393 1376 et
415 1325 542 1376 excusat
564 1337 597 1378 sa
617 1320 649 1377 in
670 1320 817 1398 peccatis,
839 1324 871 1378 et
890 1317 980 1397 tingit
1003 1317 1061 1377 sibi
1084 1291 1282 1377 daemodium
1379 1340 1380 1377 i

363 1393 563 1474 meridianum
588 1408 618 1460 et
639 1401 783 1481 angelum
805 1401 896 1477 lucie,
929 1400 987 1461 sibi
1007 1401 1066 1480 ipsi
1085 1399 1173 1474 facit,
1201 1417 1282 1477 cum,
1379 1436 1380 1451 r

362 1483 482 1542 etiamsi
495 1503 618 1544 omnem
635 1484 826 1564 diligentiam
848 1483 1008 1543 adhiberet
1029 1490 1061 1543 et
1081 1483 1194 1560 ubique
1216 1500 1282 1540 oru-

362 1583 428 1624 cem
450 1568 593 1647 pingeret
625 1573 656 1627 et
685 1586 807 1646 semper
834 1569 865 1626 in
887 1569 998 1627 timore
1018 1566 1143 1625 Domini
1163 1563 1283 1624 diceret
1311 1625 1317 1642 ,

361 1655 393 1706 et
413 1658 537 1729 ageret,
570 1652 623 1709 vix
645 1649 789 1730 angelum
811 1657 938 1710 satanae
960 1648 1141 1709 translatum
1162 1645 1278 1728 effuge·
1379 1710 1380 1735 ,

360 1737 416 1790 ret.
459 1733 508 1791 An
530 1733 796 1812 putasne?‘etiam
812 1734 962 1793 Dominus
979 1751 1084 1792 coram
1096 1731 1207 1790 Henna
1225 1750 1280 1809 po·
1379 1746 1380 1775 ³

360 1814 469 1873 tuisset
490 1814 529 1874 de
551 1815 708 1894 discipulis
730 1817 792 1874 suis
813 1817 857 1875 ita
879 1815 981 1875 dicere
1003 1822 1036 1876 et
1055 1814 1164 1874 melius
1187 1832 1279 1892 quam
1379 1816 1380 1881 j

360 1893 409 1975 tn,
435 1904 468 1956 et
494 1907 596 1958 tamen
624 1899 718 1958 tacuit
739 1900 832 1958 etiam
855 1900 1026 1977 quaesitus,
1051 1905 1085 1957 tn
1111 1902 1215 1956 autem
1239 1897 1301 1957 eff

359 1979 460 2039 fundis
492 1982 583 2040 etiam
617 2001 679 2040 non
713 1983 928 2062 interrogatus.
979 1981 1040 2041 Alii
1067 1981 1124 2040 sibi
1154 1981 1185 2038 in
1217 1980 1281 2040 hoc

360 2061 519 2142 plaudunt,
542 2063 623 2142 quod
647 2064 752 2124 dieunt
774 2085 808 2124 se
830 2067 990 2126 veritatem
1013 2064 1126 2123 dicere.
1169 2063 1232 2124 Sed
1255 2064 1280 2122 si

360 2147 459 2204 omnis
493 2148 605 2206 veritas
638 2146 769 2207 dicenda
801 2155 867 2226 est,
900 2166 954 2207 cur
987 2166 1048 2207 non
1082 2145 1280 2207 confessores
1379 2210 1380 2219 ,

359 2227 571 2288 confitentium
600 2237 730 2308 peccata
755 2230 946 2314 publicanti
976 2231 1017 2290 Et
1044 2243 1225 2308 quare-non
1248 2235 1281 2289 et
1379 2282 1380 2299 ,

358 2316 411 2370 tua
432 2312 555 2391 publice
577 2313 728 2393 loqueris,
763 2333 832 2375 cum
855 2322 887 2375 et
907 2316 975 2394 ipsa
995 2333 1069 2375 vera
1090 2312 1172 2372 sint?
1215 2312 1279 2379 Sic,
1379 2318 1380 2333 ¹

359 2414 398 2455 ne
420 2395 522 2477 diligis
544 2400 717 2477 proximum
740 2400 820 2460 sicut
841 2406 871 2459 te
892 2398 1015 2478 ipsum?
1043 2398 1117 2457 Eius
1139 2396 1280 2457 delectus

360 2479 456 2557 (quod
479 2482 592 2540 veritas
614 2486 679 2557 est)
707 2489 797 2561 putas
818 2501 880 2542 non
902 2487 1048 2560 oportere
1068 2480 1177 2558 taceri,
1206 2487 1279 2541 tuos
1379 2523 1380 2548 ,

358 2566 460 2621 eutem
474 2570 563 2642 putas
576 2572 729 2643 oportere.
774 2565 852 2624 Vide
865 2584 956 2644 quam
977 2563 1105 2644 pulchre
1127 2564 1280 2642 teipsum
1379 2555 1380 2578 ¹

357 2644 562 2725 condemnas,
585 2652 616 2705 et
637 2648 749 2725 probas
771 2653 802 2706 te
823 2654 933 2707 contra
952 2647 1131 2707 mandatum
1152 2646 1280 2706 Domini
1379 2663 1380 2668 ’

358 2745 460 2807 agere.
503 2728 545 2787 O!
574 2728 757 2789 maledictae
777 2732 828 2789 isti
850 2730 974 2810 linguae
994 2750 1059 2790 non
1081 2728 1195 2790 sufficit
1215 2748 1280 2789 ma

357 2810 419 2868 lum
442 2827 554 2890 agere,
578 2813 645 2871 'nisi
667 2814 759 2873 etiam
781 2814 942 2873 lactentur.
984 2812 1096 2873 Nonne
1119 2819 1150 2871 et
1171 2832 1279 2872 verum

253 2933 256 2939 ,
357 2892 412 2953 fuit
440 2892 606 2973 discipulos
634 2895 808 2956 aDomino
839 2895 977 2976 fugisse?
1011 2903 1042 2955 et
1073 2902 1176 2955 tamen
1210 2897 1279 2974 ipse

357 2976 466 3055 tacuit,
499 2977 584 3037 larva
611 2979 737 3057 utquid
760 2979 958 3059 tibipalpat,
988 2979 1026 3038 ad
1060 2978 1278 3059 perditionem,

357 3057 448 3118 datae
463 3078 538 3140 ergo
554 3058 790 3140 Ecclesiasticus
804 3063 852 3140 ⁵²),
866 3062 978 3121 audisti
990 3062 1117 3122 verbum
1129 3060 1279 3121 adversus

356 3143 530 3219 proximum
546 3149 631 3203 tuum
650 3147 868 3205 commoriatur
887 3147 974 3223 inte,
997 3146 1108 3224 sciens,
1130 3145 1277 3223 quoniam

356 3229 386 3282 te
408 3243 470 3284 non
503 3224 687 3306 disrumpet,
724 3230 749 3287 si
776 3228 893 3306 vidisti,
928 3230 1061 3290 sensisti.
1104 3228 1151 3287 llli
1173 3234 1278 3287 autem

356 3324 418 3367 uon
437 3309 491 3387 sic,
514 3310 586 3389 quia
600 3310 750 3388 putabant
772 3330 807 3370 se
822 3312 930 3390 rumpi,
953 3313 979 3371 si
1001 3331 1065 3371 uon
1085 3318 1277 3371 evomerent

356 3389 475 3451 Deinde
498 3392 572 3459 dicit
592 3392 711 3471 Moses,
740 3394 824 3472 quod
846 3396 956 3453 iustum
981 3402 1043 3475 est,
1072 3395 1159 3454 iustis
1188 3414 1278 3454 exse-

252 3516 256 3531 ,
356 3492 465 3552 quere,
491 3476 535 3535 ita
556 3476 638 3554 quod
659 3496 765 3536 verum
787 3483 835 3537 est
854 3497 928 3537 vere
950 3477 1051 3555 dicas,
1083 3476 1166 3556 quod
1189 3496 1277 3537 sano·

355 3562 418 3616 turn
443 3563 498 3637 est,
521 3564 627 3618 sancte
647 3561 768 3637 recites,
791 3560 929 3639 alioquin
942 3562 1041 3641 magis
1055 3577 1179 3640 peccas,
1202 3560 1276 3621 dum

355 3641 515 3701 veritatem
528 3642 605 3701 false
620 3661 735 3722 narres,
758 3644 837 3703 sicut
849 3646 946 3724 magis
959 3651 1100 3722 peccant,
1123 3645 1175 3721 qni
1187 3662 1276 3703 sanc

271 3802 272 3805 Ἴ
355 3729 418 3782 tum
439 3724 568 3803 profane
589 3730 736 3805 tractant,
760 3733 792 3786 et
812 3728 958 3786 iustitiam
979 3728 1094 3786 iniuste
1115 3732 1273 3804 exercent,

354 3807 426 3884 quia
455 3808 572 3868 iustitia
600 3814 632 3868 et
659 3807 803 3870 iudicium
834 3811 1028 3889 praeparatio
1063 3808 1198 3869 foederis
1221 3811 1275 3886 tui,

408 3992 439 4061 ⁸)
460 3994 563 4050 Sensus
580 3996 625 4049 hio
645 3996 741 4050 deficit.
