3075 4750
366 483 429 550 rte
534 429 551 560 ⁸,
623 525 632 538 ,
690 485 968 544 ammaum

366 663 430 716 non
451 653 568 732 odiunt,
588 653 644 715 sed
664 660 783 717 tanturn
798 673 933 736 poenam
948 655 1099 736 peccati),
1120 654 1192 716 ideo
1207 655 1279 714 nud-

245 777 249 784 2
366 739 405 798 tis
427 735 761 814 sanctificationibusss
794 744 944 818 quaerunt
970 740 1073 820 iguem
1101 737 1210 798 interni
1231 757 1280 798 ex·

367 822 536 900 stinguere,
564 839 697 901 poenam
723 821 827 883 indicii
850 821 993 902 effugere.
1036 820 1097 882 Sed
1120 822 1192 900 qnia
1212 839 1317 900 pec-
1370 843 1371 864 κ

367 909 470 964 catum
493 921 614 983 semper
634 911 751 984 manet,
785 904 857 966 ideo
887 911 918 965 et
945 923 1049 984 poena
1075 905 1281 966 conscientiae
1370 919 1371 948 ³

366 1005 430 1046 non
451 986 577 1066 transit,
590 995 756 1066 ‘quaerunt
786 988 867 1048 enim
895 1007 975 1068 qnae
1003 1006 1059 1048 sua
1085 993 1166 1047 sunt.
1208 985 1281 1048 Ideo
1370 989 1371 1044 ζ

366 1087 429 1128 non
452 1075 500 1129 est
519 1087 581 1148 pax
600 1070 719 1150 impiis:
755 1072 807 1149 qui
830 1072 856 1130 si
879 1090 914 1132 se
934 1071 1142 1150 relinquerent
1163 1078 1195 1131 et
1214 1088 1282 1150 pec
1370 1079 1371 1082 ’

366 1156 437 1212 cata
462 1170 519 1211 sua
551 1151 703 1232 odissent,
728 1155 790 1212 iam
813 1153 933 1214 'nullam
960 1172 1095 1235 poenam
1125 1153 1282 1231 haberent,
1370 1195 1371 1212 2

282 1291 289 1299 .
365 1252 425 1294 nec
443 1234 602 1315 timerent,
635 1237 706 1315 quia
735 1236 840 1298 ablata
862 1237 953 1318 culpa
982 1255 1086 1317 poena
1107 1254 1162 1317 per
1184 1255 1219 1296 se
1240 1237 1282 1315 ip·

367 1335 433 1376 sam
455 1325 564 1381 cessat
608 1317 668 1380 Sed
690 1337 725 1379 se
745 1320 831 1398 ipsos
852 1319 1024 1400 relinquere
1047 1319 1170 1398 nolunt,
1200 1327 1231 1381 et
1252 1320 1283 1378 ti·

367 1406 452 1461 ment
471 1401 533 1461 hoc
560 1402 629 1462 leve
654 1403 759 1484 iugum
792 1401 917 1463 Christi:
957 1402 1029 1462 ideo
1059 1401 1203 1463 laborant
1230 1401 1283 1461 sub

367 1502 462 1544 onere
483 1502 550 1562 suo,
572 1491 603 1545 et
623 1485 740 1563 timent,
762 1483 815 1545 ubi
835 1503 899 1546 non
921 1492 969 1546 est
989 1486 1090 1565 timor,
1112 1491 1143 1546 et
1163 1485 1285 1544 trahunt

368 1567 448 1627 sicut
470 1567 638 1647 plaustrum
659 1574 830 1648 peccatum.

449 1649 584 1710 Adhuc
613 1650 798 1711 servilem
825 1651 1015 1711 iustitiam
1042 1652 1135 1710 mire
1166 1651 1283 1729 persi·

368 1735 476 1792 ciunt
515 1734 628 1812 ipsae
672 1734 891 1795 effusiones
943 1733 1285 1814 indulgentiarum,
1370 1727 1371 1764 ³

368 1815 477 1895 quibus
499 1816 575 1875 nihil
595 1817 704 1896 agitur,
726 1835 818 1897 quam
838 1823 872 1877 ut
892 1815 1024 1897 populus
1047 1816 1145 1876 discat
1167 1817 1284 1892 timere,

367 1899 482 1980 fogere,
505 1898 630 1959 horrere
651 1918 785 1980 poenam
805 1906 1013 1980 pennatorum,
1036 1918 1098 1960 non
1121 1904 1225 1959 autem
1244 1900 1285 1958 ita
1370 1919 1371 1926 ¹

332 1983 336 1994 '
369 1987 400 2042 et
419 1986 557 2060 peccata.
597 1981 672 2043 Ideo
694 2001 801 2062 parum
822 1983 958 2043 'sentitur
987 1981 1102 2042 fructus
1128 1981 1285 2064 indulgen-

368 2066 488 2143 tiarum,
502 2063 557 2124 sed
571 2083 684 2145 magna
700 2067 846 2126 securitas
858 2072 890 2125 et
905 2065 1030 2126 licentia
1049 2064 1214 2146 peccandi:
1244 2065 1285 2124 ita
1370 2141 1371 2144 Ἴ

369 2166 444 2208 sane
475 2153 510 2207 ut
535 2148 592 2208 nisi
619 2149 762 2209 timerent
783 2166 916 2228 poenam
937 2156 1151 2229 peccatorum,
1184 2147 1283 2208 nullus
1370 2149 1371 2212 l

370 2229 464 2291 vellet
497 2237 605 2310 optare
626 2233 720 2310 gratis
741 2233 816 2291 istas
837 2230 1058 2312 indulgentias,
1091 2249 1159 2291 cum
1182 2231 1283 2310 potius
1370 2245 1371 2262 ¹

370 2313 501 2395 populus
524 2313 564 2375 ad
586 2330 720 2395 poenam
739 2313 902 2375 amandam
917 2320 1001 2376 esset
1020 2311 1231 2375 exhortandus
1254 2317 1283 2372 et

369 2416 491 2459 crucem
505 2398 762 2477 amplectendam.
804 2398 845 2458 Et
858 2400 973 2459 utinam
989 2416 1048 2479 ego
1071 2399 1212 2477 mentiar,
1235 2397 1283 2476 qui

372 2480 454 2560 dico,
475 2480 681 2561 indulgentias
702 2482 781 2541 forte
802 2483 846 2541 ita
867 2482 1036 2542 rectissime
1057 2480 1126 2560 dici,
1150 2482 1224 2561 quia
1244 2482 1283 2539 in·

369 2564 497 2645 dulgere
531 2571 579 2624 est
607 2566 799 2645 permittere,
832 2570 863 2625 et
896 2563 1088 2645 indulgentia
1107 2565 1281 2643 impunitas,
1370 2570 1371 2579 ’

369 2648 532 2727 permissio
563 2647 713 2727 peccandi
743 2654 775 2707 et
805 2647 931 2709 licentia
963 2645 1136 2709 evacuandi
1164 2665 1283 2707 crucem
1370 2660 1371 2685 ¹

371 2729 492 2791 Christi.
534 2727 598 2789 Aut
617 2730 642 2789 si
664 2730 888 2810 permittendae
908 2729 1120 2811 indulgentiae
1141 2748 1205 2789 non
1228 2729 1283 2789 nisi
1370 2726 1371 2803 ζ

368 2810 495 2873 infirmis
518 2813 549 2871 in
572 2811 633 2872 tide
654 2819 726 2872 sunt
745 2812 876 2893 dandae,
898 2832 938 2875 ne
954 2812 1210 2891 scandalizentur,
1234 2812 1282 2891 qui

369 2914 425 2975 per
445 2913 569 2955 crucem
590 2914 653 2956 non
675 2897 813 2956 nituntur
834 2895 874 2957 ad
897 2897 1059 2957 nridtmcm
1081 2902 1112 2955 et
1132 2896 1283 2956 humilita-

370 2986 433 3038 tem
455 2979 625 3058 pervenire,
647 2984 680 3038 nt
698 2978 749 3039 hic
762 2979 837 3040 dicit
847 2980 1008 3040 Dominus.
1045 2978 1123 3039 llam
1145 2996 1209 3039 non
1232 2996 1285 3057 per

371 3060 593 3141 indulgentias,
621 3061 677 3122 sed
697 3081 753 3142 per
776 3064 937 3123 mititatem
960 3070 991 3123 et
1010 3056 1214 3123 humilitatem
1237 3060 1284 3121 hic

371 3143 445 3204 dicit
470 3145 609 3205 invenire
639 3146 777 3223 requiem
811 3147 990 3207 animarum.
1039 3145 1162 3205 Mititas.
1182 3149 1282 3205 eutem
1370 3162 1371 3215 3

369 3245 433 3288 non
454 3233 502 3287 est
522 3229 581 3287 nisi
601 3229 633 3288 in
654 3230 763 3308 poenis
785 3235 817 3290 et
838 3247 937 3306 cruce,
960 3248 981 3289 a
1003 3246 1065 3307 qua
1093 3227 1165 3287 illae
1188 3226 1283 3287 indul·
1370 3230 1371 3303 ξ

369 3310 493 3391 gantiae
513 3309 687 3389 absolvunt,
710 3330 801 3389 quam
825 3311 949 3372 horrere
965 3312 1088 3389 docent,
1110 3316 1142 3371 et
1161 3310 1284 3385 faciunt,

371 3401 404 3454 nt
431 3412 581 3473 nusquam
614 3392 782 3455 efficiamur
802 3396 892 3455 mites
913 3401 945 3455 et
965 3394 1096 3455 humiles
1117 3395 1138 3455 i.
1161 3412 1189 3455 e.
1213 3411 1284 3453 nnn·
1370 3424 1371 3467 ῃ

371 3496 463 3556 quam
489 3476 711 3557 indulgentiam
739 3496 963 3558 consequamur
992 3496 1051 3537 nec
1072 3476 1112 3538 ad
1133 3475 1284 3537 Christum
1370 3502 1371 3511 ¹

369 3561 542 3621 veniamus.
605 3558 632 3621 Ο
673 3560 849 3640 pericula
906 3562 1033 3622 nostri
1078 3558 1280 3639 temporis!

304 3696 318 3703 -
371 3641 899 3718 Ostertentessacerdotes!
944 3641 1283 3722 Otenebrasplus

370 3745 480 3805 qnam
516 3726 795 3807 Aegyptiacae!
846 3726 964 3802 Quam
994 3726 1121 3791 securi
1155 3742 1284 3785 sumus

370 3810 407 3869 in
429 3808 606 3889 omnibus
628 3810 816 3889 pessimis
836 3809 946 3870 malis
967 3810 1131 3870 nostris!

426 3982 457 4053 *)
476 3981 636 4053 legendnm
655 3980 776 4035 ridetur:
796 3981 1041 4036 satisfactionibus.
