3075 4750
567 488 742 562 minag.
760 490 899 561 Disputat.
1136 486 1214 556 399·

277 660 464 742 acapnum,
492 667 527 722 ut
545 666 637 745 amus
658 661 712 722 tint
729 660 774 721 ad
797 658 1046 740 consequendam
1069 661 1198 741 gratiani

303 854 307 861 ·
360 827 489 888 Idcnim
510 828 662 906 laxvult,
686 828 825 889 utluonuo
842 822 887 888 'de
910 826 1198 907 sedesperet,du1n

277 930 348 972 cum
371 908 557 972 deducit-ad
577 911 708 989 insanos,
725 918 758 971 et
778 924 945 991 paupencm
967 912 1054 987 iacit,
1077 917 1108 971 ct
1129 928 1199 990 pao·

277 1001 418 1056 mwrens
445 994 589 1055 ostendit
623 996 654 1057 in
693 994 837 1055 omnibus
873 996 936 1054 suia
970 992 1131 1074 operibus,
1166 1000 1200 1053 ut

277 1079 387 1140 Roma.
410 1080 439 1140 2.
462 1085 494 1138 et
515 1080 544 1142 3.
566 1078 640 1156 iacit
660 1076 842 1157 Apostolus,
860 1076 982 1137 dicens:
1006 1076 1130 1142 Ouussti
1152 1090 1199 1136 su-

277 1181 346 1221 mus
380 1179 488 1222 omnes
521 1180 592 1223 esse
623 1161 680 1221 sub
713 1166 854 1240 peccato.
898 1158 956 1234 Qui
984 1166 1087 1221 nutam
1117 1161 1200 1238 iacitg

278 1242 363 1324 quod
396 1246 426 1303 in
456 1263 491 1304 sa
525 1250 587 1323 est,
626 1250 659 1304 ct
679 1240 778 1304 credit
800 1262 833 1303 se
854 1241 969 1322 aliquid
993 1243 1066 1304 boni
1088 1244 1200 1321 facere,

276 1341 341 1387 non
363 1328 492 1387 omnino
513 1326 573 1387 sibi
593 1326 668 1386 nihil
688 1324 826 1405 videtu,
859 1341 918 1387 nac
940 1324 979 1385 de
1003 1327 1065 1385 suis
1086 1325 1200 1388 viribus

274 1409 436 1490 manat»
450 1412 513 1473 into
541 1416 663 1488 ,anno
685 1410 869 1489 praesumit,
900 1407 984 1489 quod
1006 1408 1045 1469 ad
1069 1411 1200 1489 gratiani
1303 1420 1306 1431 ·

277 1495 341 1553 auis
363 1494 615 1555 vinnustnititos.
656 1525 661 1533 ,
913 1520 916 1527 ¹
1110 1518 1113 1525 ⁴

361 1746 431 1827 lion
451 1746 507 1806 ille
529 1745 622 1827 (ligna
634 1746 800 1826 theologus
822 1744 941 1824 dicitur,
963 1746 1015 1827 qni
1035 1742 1201 1807 invisibilia

277 1829 337 1889 Dci
360 1846 423 1908 per·
435 1841 490 1908 ea,·
505 1846 584 1909 qnae
602 1830 686 1891 iacta
707 1834 788 1908 sunt,
809 1828 967 1890 intellecta
988 1830 1147 1911 conspicit.

362 1911 451 1973 Patet
472 1927 528 1992 per
549 1930 619 1991 eos,
643 1914 695 1997 qui
718 1913 795 1972 tales
817 1912 953 1991 iuuerunt,
985 1918 1016 1973 et
1036 1920 1139 1973 nmen
1161 1913 1201 1975 ab

277 1991 540 2079 apostololicam.
550 2001 576 2059 1.
588 1996 671 2056 stulti
684 2002 843 2058 vocantur.
866 1995 961 2056 Porro
970 1996 1201 2057 invisibiliaDei

277 2086 351 2138 aunt
371 2080 476 2158 virtus,
489 2079 644 2158 divinitas,
660 2079 822 2159 sapientia,
834 2080 959 2156 iustitis,
980 2078 1102 2140 bonitas
1125 2086 1201 2160 etc.3

277 2162 605 2243 haecomniacognita
615 2180 677 2222 noo
689 2161 807 2223 iaciunt
817 2161 942 2242 dignum
954 2180 1013 2223 nec
1020 2164 1200 2249 sapientem.

708 2290 776 2357 XX.

364 2406 426 2476 Sall
448 2411 499 2489 qui
521 2409 654 2472 visibilia
665 2416 706 2470 *et
726 2411 900 2491 posteriora
921 2409 978 2471 Dei
1000 2427 1055 2490 per
1086 2411 1202 2490 passio·

278 2511 334 2553 naa
357 2501 390 2553 ot
409 2509 531 2554 crucem
552 2501 721 2574 conspecta
742 2493 896 2574 intelligit.
1167 2507 1191 2522 ’·

361 2576 554 2638 Posteriora·
569 2584 601 2638 st
628 2576 761 2637 visibilia
783 2577 841 2637 Dei
870 2583 940 2636 sunt
962 2573 1106 2656 opposita
1127 2575 1201 2634 invi-

278 2658 423 2741 sibilium,
439 2660 475 2719 <id
497 2666 559 2738 cst,
577 2659 761 2739 humanitas,
782 2659 953 2738 infirmitas,
976 2657 1112 2718 stultitia.
1158 2657 1202 2719 Si·

279 2749 332 2803 out
361 2747 376 2804 1
412 2743 550 2803 Gonintla
582 2743 611 2806 t.
634 2752 727 2803 vocat
746 2743 901 2803 infirmum
922 2751 955 2803 et
976 2741 1100 2802 stultum
1133 2741 1202 2818 Dei,

278 2828 355 2905 quia
367 2826 449 2886 enim
470 2825 613 2887 homines
631 2828 812 2906 cognitione
824 2825 885 2888 Dei
898 2844 937 2887 ex
955 2824 1098 2907 operibus
1115 2824 1203 2885 abusi

277 2916 359 2988 sunt,
382 2909 481 2970 voluit
499 2928 602 2970 rursus
619 2909 704 2970 Deus
725 2929 766 2980 ax
786 2908 983 3006 passionibus
1001 2910 1149 2989 cognosci
1172 2916 1203 2969 et

278 2991 449 3074 reprobare
468 2993 554 3053 illam
581 2989 764 3072 sapientiam
787 2991 983 3054 1nvisibiiium
1006 3011 1062 3072 per
1083 2993 1201 3080 sapien-

279 3076 355 3135 tiam
376 3073 621 3152 visibifiuunsut·
642 3073 703 3156 sic,
736 3077 788 3156 qui
809 3076 908 3136 Deum
939 3091 1005 3136 non
1041 3075 1202 3144 coluerunt

280 3156 476 3218 masticatum
497 3176 539 3218 cx
561 3158 720 3238 openiens,
758 3159 897 3220 coierent
922 3156 1140 3222 absconditum
1168 3160 1200 3217 in

279 3241 485 3321 passionibus.
510 3242 614 3304 'Siout
649 3243 693 3303 ait
713 3247 739 3306 ’1-
755 3242 901 3304 -Oorintn
924 3245 959 3306 1:
990 3240 1070 3316 Quia
1091 3241 1122 3300 in
1143 3241 1201 3300 Dei

280 3325 434 3404 sapientia
451 3342 517 3385 non
545 3327 695 3406 cognovit
726 3325 868 3386 mundus·
883 3325 982 3386 Deum
1004 3343 1059 3405 per
1080 3325 1201 3405 sapien:

279 3409 369 3486 n‘anu,
391 3407 508 3492 placuit
528 3409 595 3469 Deo
618 3426 675 3489 per
702 3409 861 3470 stultitiam
883 3405 1122 3488 praedicationis
1144 3407 1203 3492 sal7

280 3509 339 3552 ves
360 3491 465 3552 neore
486 3492 660 3553 credentes:
693 3493 752 3573 ita,
775 3499 809 3552 ut
829 3491 904 3553 nulli
925 3493 986 3550 iam
1008 3490 1082 3550 satis
1104 3489 1144 3549 sit
1165 3507 1202 3557 ac

280 3575 395 3656 pnon't,
424 3575 477 3654 qui
496 3576 659 3656 cognoscit
679 3573 781 3637 Deum
803 3577 834 3636 in
857 3574 956 3656 glosis
980 3579 1011 3634 et
1032 3573 1201 3651 maiestate,

280 3659 339 3720 uisi
362 3667 534 3738 cognoscat
556 3658 685 3720 eundem
707 3661 739 3718 in
767 3658 940 3718 hnmilitate
968 3663 999 3717 et
1032 3655 1207 3737 ignominia
1285 3659 1298 3670 ²

280 3742 390 3802 crucis.
421 3740 485 3806 -sn
503 3727 619 3822 perdit
628 3744 809 3822 sapientiam
839 3741 1010 3820 sapientum
1033 3749 1102 3819 etc,
1125 3741 1203 3799 siout

281 3824 392 3886 Esaias
415 3824 502 3886 dicit:
526 3825 608 3886 Vere
624 3824 822 3887 absconditus
844 3830 877 3885 tu
899 3841 932 3884 es
954 3823 1048 3884 Deus.

364 3907 416 3969 sic
433 3908 545 3972 Johon.
570 3910 619 3987 14,
640 3928 708 3969 cum
723 3907 881 3987 Philippus
904 3907 991 3967 iuxta
1010 3905 1200 4050 theologiam

280 3990 402 4072 gloriae
423 3991 555 4067 diceret:
588 3990 726 4054 Ostende
753 3989 844 4054 nobis
864 3996 1000 4072 patrem,
1022 4005 1096 4052 mox
1142 3985 1201 4052 hri·
