3075 4750
284 528 293 535 “
355 518 419 587 254
438 522 568 590 Quaestio
576 517 1200 593 deviribusetvolnntatehomtntssinsgratia.

355 691 410 753 sed
438 692 521 771 quod
542 692 619 773 legis
642 693 709 767 sine
732 710 826 752 sensu
847 696 904 770 est,
927 691 975 753 cui
1000 697 1198 771 comparatur
1220 710 1274 753 cor
1332 670 1334 683 Ι

355 775 472 855 durum,
502 776 551 835 cni
583 776 655 849 nisi,
675 775 759 837 carni
791 774 934 835 sentienti
972 793 1026 837 cor
1056 776 1130 837 mite
1165 774 1272 837 debuit

354 856 548 940 comparari?
645 887 649 895 ·
1135 866 1137 871 “

643 950 909 1055 (lorollarium
930 991 983 1055 III.
1071 980 1087 1015 '

324 1132 332 1150 x
371 1188 378 1201 θ
437 1101 493 1165 llst
520 1106 606 1167 iuxta
631 1106 803 1187 praemissa
830 1104 869 1167 cd
897 1103 1118 1182 Quaestionem
1146 1124 1278 1187 respon-

354 1208 462 1251 ulvum.

575 1324 764 1399 Quaestio
786 1323 1042 1400 accedens.*}

436 1434 543 1498 Utrum
576 1453 683 1498 omnes
710 1438 742 1497 in
770 1433 891 1497 Christo
929 1436 1073 1517 baptizati
1105 1438 1280 1516 aequaliter

353 1522 506 1602 recipiant
527 1515 669 1580 effectum
691 1519 893 1601 baptismatis.

699 1654 928 1720 Conclusio.
1006 1692 1011 1702 -

436 1766 543 1828 Gratia
564 1754 755 1849 baptismatis
777 1768 958 1851 regulariter
980 1774 1010 1828 et
1030 1786 1153 1849 semper
1165 1784 1279 1847 aequa·

352 1849 391 1910 lis
414 1857 477 1930 est,
508 1859 654 1930 quantum
685 1860 732 1912 est
760 1872 801 1913 ex
830 1858 919 1932 parte
940 1851 998 1911 Dei
1020 1858 1052 1911 et
1073 1852 1279 1929 sacramenti3

352 1933 523 2014 inaequalis
544 1941 647 1996 tamen
666 1954 735 1995 esse
753 1940 867 2015 potest,
885 1941 1031 2013 quantum
1050 1933 1089 1994 ad
1108 1934 1279 2010 ministros,

355 2018 512 2096 meritum,
533 2019 710 2103 passionem
731 2017 844 2078 Christi
866 2020 897 2078 et
917 2017 1093 2097 recipientis
1115 2016 1256 2078 subiecti.

435 2098 495 2160 Pro
518 2099 703 2161 deductione
716 2100 805 2161 huius
823 2100 1030 2161 conclusionis
1043 2118 1277 2180 praesuppono,

355 2182 438 2261 quod
460 2182 575 2264 duplex
596 2191 643 2245 est
664 2181 790 2244 effectus
811 2181 974 2265 baptismi:
998 2182 1122 2263 quidam
1135 2184 1279 2265 praecise

353 2266 490 2344 sequitur
511 2286 588 2347 opus
600 2274 773 2348 operatum5
791 2266 840 2326 vel
854 2274 1078 2327 sacramentum
1092 2265 1277 2345 adhibitum,
1376 2334 1377 2354 χ

354 2355 474 2411 semoto
496 2349 735 2432 impedimento,
764 2350 993 2430 circumscripto
1016 2348 1191 2412 devotionis
1213 2365 1278 2411 me-

352 2435 429 2512 rit0,
460 2440 522 2493 tam
554 2434 755 2514 conferentis,
788 2443 878 2514 quant
911 2434 1120 2513 suscipientis:
1150 2433 1277 2514 quidam

353 2518 551 2596 consequitur
571 2535 633 2578 non
656 2534 734 2600 opus
756 2524 932 2598 operatum,
954 2516 1009 2576 sed
1028 2535 1105 2596 opus
1129 2532 1275 2596 operans,
1375 2593 1376 2598 η

352 2599 402 2661 vel
424 2599 657 2680 dispositionem
680 2619 735 2660 seu
765 2601 905 2661 meritum
935 2600 1121 2660 conferentis
1134 2601 1191 2678 ⁹⁶⁸¹)
1221 2599 1274 2660 'vel

248 2734 257 2744 ,
354 2671 563 2764 suscipientis:
586 2690 618 2744 et
639 2685 723 2765 prior
745 2679 872 2744 effectus
890 2683 1033 2763 baptismi
1046 2698 1179 2762 sequens
1194 2700 1277 2762 opus

354 2774 514 2848 operatum
540 2768 664 2850 proprie
691 2773 739 2827 est
767 2765 894 2828 effectus
925 2767 1166 2828 sacramentalis.
1223 2765 1277 2826 Se-

354 2849 454 2910 cundo
476 2849 656 2929 notandum,
680 2850 763 2929 quod
786 2848 825 2910 ad
848 2847 974 2910 effectus
990 2849 1134 2930 baptismi
1145 2867 1276 2909 concur-

353 2940 424 2993 runt
443 2932 546 3013 plures
568 2950 690 3014 causae,
713 2931 855 2994 effectiva
875 2931 1063 3014 principalis,
1086 2933 1169 2994 Dens
1192 2933 1275 2993 scili*

289 3066 292 3075 ,
346 3022 404 3077 aet
423 3017 491 3096 ipse
512 3017 675 3100 gloriosus,
697 3015 834 3079 secundo
856 3017 1022 3094 meritoria,
1045 3029 1124 3095 qnae
1145 3020 1276 3095 estpas-

354 3099 400 3159 sio
435 3099 566 3177 Christi,
603 3097 684 3159 unde
717 3105 910 3160 sacramenta
943 3097 1059 3160 habent
1091 3097 1275 3178 efficaciam,

353 3181 443 3243 tertio
464 3183 645 3263 dispositiva
666 3182 795 3243 subiecti
817 3183 1023 3266 suscipientis,
1044 3187 1153 3260 quanto
1172 3180 1277 3261 dispo-

353 3266 442 3326 sitiva
463 3259 649 3327 conferentis
679 3267 823 3344 ministri,
856 3271 887 3326 et
919 3265 1087 3326 secundum
1113 3263 1278 3344 quodlibet

353 3349 463 3409 horum
482 3355 586 3431 potest
607 3349 717 3409 variari
737 3351 837 3430 gratia
857 3350 894 3409 in*
911 3347 1063 3430 baptismo
1087 3347 1212 3410 collata.

410 3541 441 3604 ⁸)
461 3535 674 3604 HaecQuacstio
689 3539 742 3590 nisi
753 3539 782 3590 in
793 3537 851 3591 biso
858 3535 1004 3594 Loeseheri
1016 3521 1276 3610 legiturnusqusm.

409 3606 457 3675 ⁶³)
478 3609 552 3662 Nota
570 3606 730 3664 Loe'seheri:
758 3609 835 3663 Haec
854 3613 948 3678 opinio
961 3609 1087 3664 adhaesit
1097 3611 1221 3667 bothero
1242 3627 1278 3666 ex

353 3681 466 3747 scholis,
487 3685 529 3732 cni
550 3687 642 3734 tamen
661 3694 713 3750 per
733 3681 939 3736 distinctionem
958 3683 1069 3737 euectus
1090 3693 1278 3740 sacramenta·

352 3751 387 3804 lis
406 3759 433 3805 et
452 3753 594 3806 adventitii
613 3753 717 3806 mederi
736 3754 824 3807 voluit

803 3911 913 3920 .-.Νι-..-
