3075 4750
615 499 653 540 ea.
664 483 737 542 1oto
755 484 855 542 nobie
1124 481 1185 552 167

333 653 516 716 lisstionem
549 654 778 716 intersessionis
806 654 900 716 totius
934 654 1100 734 eeclesiae,
1132 654 1184 718 ubi

268 671 371 798 ἔξω
407 735 534 798 dubium
558 743 707 815 remanet,
728 757 785 818 pro
806 745 936 817 quanto,
969 754 1009 798 un
1029 755 1088 818 pro
1116 743 1183 800 toto

270 820 358 880 Dens
376 821 440 882 hoo
460 819 536 880 velit
553 827 725 901 eooepture.
767 821 874 882 Potest
901 820 1024 902 quidem
1051 822 1184 881 animum

269 902 393 964 solvere
413 923 434 963 e
454 905 632 984 purgatorio
654 903 757 983 quood
783 903 1006 983 poenitentium
1033 922 1053 964 e
1079 921 1114 965 se
1141 905 1183 964 in·

268 987 405 1084 inuelem
425 985 478 1046 vel
506 985 736 1066 iniungibilem,
769 987 852 1083 siout·
880 993 972 1048 sonet
998 987 1064 1048 eius
1085 985 1184 1063 Bulle,

268 1075 475 1230 'stiffi
491 1069 1185 1234 ituttut‘tlluzudldtsut„

269 1235 456 1296 mhxemus.
507 1233 611 1310 Quare
641 1235 731 1296 nimis
760 1237 953 1298 temerarium
982 1243 1030 1296 eet
1064 1235 1182 1317 proedi-

269 1337 358 1397 ωε,
386 1319 536 1398 periotes
557 1317 763 1400 indulgentius
789 1318 897 1380 redimi
924 1319 1045 1391 enimes,
1072 1337 1091 1378 e
1114 1339 1183 1400 pur·

268 1401 403 1482 guterio,
424 1419 495 1462 oum
515 1401 576 1462 hoo
596 1402 636 1462 sit
656 1400 821 1462 absurdum
838 1400 930 1479 dioto,
951 1419 1011 1462 neo
1027 1401 1184 1480 quomodo

267 1484 401 1564 intelligi
428 1483 538 1562 velint,
566 1490 732 1564 exponent
775 1483 919 1563 Alioquin
941 1501 1025 1566 pepe
1051 1491 1099 1546 est
1120 1501 1184 1546 oru-

266 1566 359 1645 delis‚
380 1567 408 1626 si
429 1566 490 1628 hoo
510 1568 629 1630 miseris
649 1566 809 1629 animabus
830 1586 894 1628 uon
916 1566 1060 1630 oonoedit
1079 1568 1184 1648 gretie,

268 1649 354 1729 qnod
376 1654 481 1729 potest
500 1668 558 1731 pro
578 1651 711 1730 peeunie
725 1651 901 1712 neoesoerie
918 1649 957 1714 ed
968 1647 1180 1726 eeclesiam*)

268 1732 454 1797 ounoedere.
493 1732 609 1796 infusio
629 1740 678 1794 est
706 1734 834 1794 interior
861 1733 1044 1795 illuminalio
1072 1733 1184 1794 mentis

267 1823 302 1878 et
319 1815 524 1878 indemmetio
543 1816 720 1894 voluntatis,
745 1835 826 1895 quoe
848 1823 895 1876 eet
914 1822 1042 1877 aeterne
1062 1833 1183 1880 emeno

268 1900 325 1977 tio,
347 1900 427 1960 siout
446 1897 523 1960 rodii
544 1899 620 1960 solis
640 1900 672 1960 in
694 1900 838 1978 animum,
861 1918 919 1960 neo
935 1905 1037 1960 uersat
1057 1905 1185 1981 propter

268 1982 441 2063 plenariam
466 1983 689 2043 remissionem.
729 1979 816 2046 Heeo
844 1990 892 2042 est
922 1983 1097 2046 neeessarie
1127 1998 1184 2064 pro

268 2065 541 2145 eoncupisoentiee
561 2065 799 2145 exstirpatione,
831 2083 927 2145 usque
956 2065 1029 2126 dum
1048 2066 1185 2146 periente

268 2149 465 2228 exstirpetur.
517 2147 606 2208 'luno
646 2155 750 2208 sutem
782 2153 830 2209 eut
865 2147 1016 2230 perfeeto,
1059 2148 1183 2228 quondo

268 2231 365 2292 honio
386 2249 506 2294 summo
526 2229 629 2295 toedio
651 2231 741 2291 huius
763 2232 846 2293 vitoe
873 2233 1006 2314 suspirat
1025 2231 1066 2292 ed
1086 2232 1185 2292 Deum

268 2320 302 2375 et
322 2313 449 2376 tondent
468 2313 621 2376 desiderio
642 2314 701 2376 Dei
732 2314 861 2377 solvitur
888 2335 907 2377 e
934 2331 1074 2396 eorpore.
1117 2315 1186 2377 Hoo

267 2404 354 2459 eerte
373 2400 404 2458 in
426 2398 531 2479 peuois
552 2405 742 2479 oompertum
764 2405 825 2477 est,
848 2400 899 2478 qui
920 2396 1058 2479 plenarie
1084 2398 1184 2461 ubsol-

268 2489 392 2558 vuntnr,
411 2482 475 2542 imo
496 2482 637 2543 remissio
664 2481 804 2561 plener-ie
831 2501 893 2543 uon
922 2481 1107 2559 confertur,⁴
1126 2481 1186 2543 nisi

268 2564 364 2647 digne
378 2565 517 2625 eonditis
537 2570 630 2643 etque
651 2564 809 2626 oonlessis.

595 2695 863 2760 corollarium.

351 2816 430 2877 Gnm
449 2814 551 2878 nullus
572 2814 732 2877 hominum
752 2816 853 2898 possit
874 2820 976 2875 uertuo
999 2832 1068 2875 osse
1090 2813 1130 2875 de
1151 2830 1186 2875 se

269 2902 357 2981 ipso,
390 2899 504 2961 nedum
532 2898 573 2959 de
599 2898 682 2976 eliis,
713 2897 797 2979 quod
820 2899 859 2959 sit
884 2897 1020 2978 perfecte
1042 2904 1073 2957 et
1093 2895 1188 2979 digne

270 2984 420 3045 nonnitus
441 2989 534 3063 etque
555 2982 730 3060 confessus,
761 2982 954 3041 temerarium
981 2988 1029 3042 eet
1049 2996 1188 3043 eseerere

270 3066 478 3147 indulgentias
498 3071 672 3127 sseeoutum
693 3066 797 3125 stetini
819 3064 953 3143 evolare
982 3064 1032 3125 vel
1054 3065 1186 3125 oninium

270 3150 309 3211 de
329 3149 510 3230 purgetorio
539 3148 633 3227 eripi3
659 3146 812 3228 intelligo,
841 3147 867 3207 ei
895 3146 962 3226 quio
995 3148 1111 3209 uestem
1138 3146 1188 3209 de-

269 3238 358 3313 putet
387 3233 537 3308 enimam,
575 3248 669 3309 quem
697 3230 835 3310 alioquin
867 3230 944 3311 eripi
975 3246 1039 3292 non
1069 3230 1187 3306 dubito,

270 3322 360 3395 pute,
393 3333 472 3395 quoe
505 3312 599 3395 digne
626 3312 748 3374 iuuerunt
783 3314 934 3375 enutritae
971 3321 1003 3374 et
1038 3312 1189 3374 eiusmodi

272 3400 465 3478 ereptionem
485 3403 675 3475 meruerunt,
706 3403 741 3455 ut
772 3403 885 3458 sonent
915 3397 1009 3459 verbs
1029 3396 1063 3456 B.
1087 3399 1188 3476 Augu·
1247 3414 1272 3459 .·

273 3482 353 3541 slini.
395 3480 457 3556 Qui
486 3486 592 3541 eutem
616 3478 702 3547 ,tulos
731 3478 783 3539 vel
808 3498 871 3541 non
893 3478 972 3539 teies
996 3479 1071 3557 sint,
1105 3478 1188 3538 Deus

272 3566 366 3626 novit.
416 3560 494 3624 Nem
518 3561 597 3623 elios
627 3567 750 3641 oportet
769 3564 835 3641 peti
856 3562 1080 3643 purgatorium,
1117 3561 1189 3639 quie

274 3664 336 3707 non
357 3652 534 3707 meruerunt
553 3643 612 3705 sibi
634 3645 800 3722 subveniri,
823 3645 950 3722 soilioet,
977 3644 1048 3722 quie
1061 3660 1125 3704 non
1147 3642 1188 3702 le-

275 3736 380 3790 oerunt
405 3747 440 3789 se
467 3728 597 3810 dignos,
629 3745 698 3787 oum
727 3746 791 3789 non
822 3733 927 3789 esseut
953 3724 1046 3806 digne
1066 3725 1189 3786 enutriti

329 3915 360 3983 ⁸)
380 3915 520 3970 Alluditur
544 3916 581 3969 od
598 3916 700 3969 Tenelii
724 3916 861 3969 clamores
878 3914 912 3967 de
929 3914 1092 3967 necessitate
1110 3927 1190 3981 peen-

280 3988 339 4041 nioe
357 3987 392 4042 ed
411 3988 633 4043 aedificationem
653 3988 761 4057 Templi
785 3990 815 4040 in
830 3986 970 4039 Vutieeno.
