<?xml version="1.0" encoding="UTF-8"?>
<!DOCTYPE html PUBLIC "-//W3C//DTD XHTML 1.0 Transitional//EN"
    "http://www.w3.org/TR/xhtml1/DTD/xhtml1-transitional.dtd">
<html xmlns="http://www.w3.org/1999/xhtml" xml:lang="en" lang="en">
 <head>
  <title>
</title>
<meta http-equiv="Content-Type" content="text/html;charset=utf-8" />
  <meta name='ocr-system' content='tesseract 3.04.00' />
  <meta name='ocr-capabilities' content='ocr_page ocr_carea ocr_par ocr_line ocrx_word'/>
</head>
<body>
  <div class='ocr_page' id='page_1' title='image "./operalatinavari01schmgoog_0120.png"; bbox 0 0 3075 4750; ppageno 0'>
   <div class='ocr_carea' id='block_1_1' title="bbox 374 477 989 556">
    <p class='ocr_par' dir='ltr' id='par_1_1' title="bbox 374 477 989 556">
     <span class='ocr_line' id='line_1_1' title="bbox 374 477 989 556; baseline -0.015 -13"><span class='ocrx_word' id='word_1_1' title='bbox 374 477 440 544; x_wconf 79' lang='lat'><strong>112</strong></span> <span class='ocrx_word' id='word_1_2' title='bbox 691 481 847 556; x_wconf 47' lang='lat' dir='ltr'><strong>,Sermones</strong></span> <span class='ocrx_word' id='word_1_3' title='bbox 864 483 989 542; x_wconf 71' lang='lat' dir='ltr'><strong>muneri.</strong></span> 
     </span>
    </p>
   </div>
   <div class='ocr_carea' id='block_1_2' title="bbox 373 649 1291 731">
    <p class='ocr_par' dir='ltr' id='par_1_2' title="bbox 373 649 1291 731">
     <span class='ocr_line' id='line_1_2' title="bbox 373 649 1291 731; baseline 0.009 -21"><span class='ocrx_word' id='word_1_4' title='bbox 373 649 491 726; x_wconf 83' lang='lat' dir='ltr'><strong>miuus,</strong></span> <span class='ocrx_word' id='word_1_5' title='bbox 511 649 531 710; x_wconf 92' lang='lat' dir='ltr'><strong>i.</strong></span> <span class='ocrx_word' id='word_1_6' title='bbox 553 669 582 710; x_wconf 87' lang='lat' dir='ltr'><strong>e.</strong></span> <span class='ocrx_word' id='word_1_7' title='bbox 603 656 639 710; x_wconf 90' lang='lat' dir='ltr'><strong>ut</strong></span> <span class='ocrx_word' id='word_1_8' title='bbox 657 668 735 730; x_wconf 88' lang='lat' dir='ltr'><strong>pura</strong></span> <span class='ocrx_word' id='word_1_9' title='bbox 752 650 837 730; x_wconf 87' lang='lat' dir='ltr'><strong>fide,</strong></span> <span class='ocrx_word' id='word_1_10' title='bbox 865 651 955 717; x_wconf 81' lang='lat' dir='ltr'><strong>firma</strong></span> <span class='ocrx_word' id='word_1_11' title='bbox 975 671 1048 731; x_wconf 88' lang='lat' dir='ltr'><strong>spe,</strong></span> <span class='ocrx_word' id='word_1_12' title='bbox 1073 671 1150 714; x_wconf 80' lang='lat' dir='ltr'><strong>vena</strong></span> <span class='ocrx_word' id='word_1_13' title='bbox 1165 652 1291 718; x_wconf 62' lang='lat' dir='ltr'><strong>mutate</strong></span> 
     </span>
    </p>
   </div>
   <div class='ocr_carea' id='block_1_3' title="bbox 373 733 1380 813">
    <p class='ocr_par' dir='ltr' id='par_1_3' title="bbox 373 733 1380 813">
     <span class='ocr_line' id='line_1_3' title="bbox 373 733 1380 813; baseline 0.007 -21"><span class='ocrx_word' id='word_1_14' title='bbox 373 733 406 792; x_wconf 89' lang='lat' dir='ltr'><strong>in</strong></span> <span class='ocrx_word' id='word_1_15' title='bbox 428 752 521 792; x_wconf 90' lang='lat' dir='ltr'><strong>unum</strong></span> <span class='ocrx_word' id='word_1_16' title='bbox 541 733 642 794; x_wconf 89' lang='lat' dir='ltr'><strong>solum</strong></span> <span class='ocrx_word' id='word_1_17' title='bbox 657 733 759 794; x_wconf 90' lang='lat' dir='ltr'><strong>Deum</strong></span> <span class='ocrx_word' id='word_1_18' title='bbox 777 735 978 813; x_wconf 85' lang='lat' dir='ltr'><strong>eonfidamua,</strong></span> <span class='ocrx_word' id='word_1_19' title='bbox 1000 735 1175 812; x_wconf 73' lang='lat' dir='ltr'>innitamur,</span> <span class='ocrx_word' id='word_1_20' title='bbox 1198 737 1291 798; x_wconf 71' lang='lat' dir='ltr'><strong>etita</strong></span> <span class='ocrx_word' id='word_1_21' title='bbox 1379 759 1380 768; x_wconf 54' lang='lat'>¹</span> 
     </span>
    </p>
   </div>
   <div class='ocr_carea' id='block_1_4' title="bbox 371 814 1380 1228">
    <p class='ocr_par' dir='ltr' id='par_1_4' title="bbox 371 814 1380 1228">
     <span class='ocr_line' id='line_1_4' title="bbox 373 814 1380 896; baseline 0.006 -20"><span class='ocrx_word' id='word_1_22' title='bbox 373 814 506 876; x_wconf 89' lang='lat' dir='ltr'><strong>eundem</strong></span> <span class='ocrx_word' id='word_1_23' title='bbox 534 817 747 895; x_wconf 80' lang='lat' dir='ltr'><strong>aestimemus,</strong></span> <span class='ocrx_word' id='word_1_24' title='bbox 782 824 817 877; x_wconf 92' lang='lat' dir='ltr'><strong>nt</strong></span> <span class='ocrx_word' id='word_1_25' title='bbox 842 820 909 880; x_wconf 87' lang='lat' dir='ltr'><strong>sine</strong></span> <span class='ocrx_word' id='word_1_26' title='bbox 935 819 1005 896; x_wconf 83' lang='lat' dir='ltr'><strong>ipso</strong></span> <span class='ocrx_word' id='word_1_27' title='bbox 1032 818 1158 882; x_wconf 76' lang='lat' dir='ltr'><strong>nullum,</strong></span> <span class='ocrx_word' id='word_1_28' title='bbox 1178 817 1291 895; x_wconf 81' lang='lat' dir='ltr'><strong>bomrm</strong></span> <span class='ocrx_word' id='word_1_29' title='bbox 1379 863 1380 868; x_wconf 20' lang='grc' dir='ltr'><strong>κ</strong></span> 
     </span>
     <span class='ocr_line' id='line_1_5' title="bbox 372 897 1380 980; baseline 0.003 -22"><span class='ocrx_word' id='word_1_30' title='bbox 372 916 432 958; x_wconf 88' lang='lat' dir='ltr'><strong>nos</strong></span> <span class='ocrx_word' id='word_1_31' title='bbox 453 897 569 958; x_wconf 81' lang='lat' dir='ltr'><strong>hahere</strong></span> <span class='ocrx_word' id='word_1_32' title='bbox 589 899 751 962; x_wconf 78' lang='lat' dir='ltr'><strong>eradamus</strong></span> <span class='ocrx_word' id='word_1_33' title='bbox 773 901 1014 978; x_wconf 80' lang='lat' dir='ltr'><strong>assentiamus,</strong></span> <span class='ocrx_word' id='word_1_34' title='bbox 1042 899 1127 962; x_wconf 86' lang='lat' dir='ltr'><strong>solus</strong></span> <span class='ocrx_word' id='word_1_35' title='bbox 1145 903 1219 980; x_wconf 82' lang='lat' dir='ltr'><strong>ipae</strong></span> <span class='ocrx_word' id='word_1_36' title='bbox 1241 919 1291 961; x_wconf 90' lang='lat' dir='ltr'><strong>no·</strong></span> <span class='ocrx_word' id='word_1_37' title='bbox 1379 923 1380 980; x_wconf 64' lang='lat'><em>3</em></span> 
     </span>
     <span class='ocr_line' id='line_1_6' title="bbox 371 979 1380 1063; baseline 0.002 -23"><span class='ocrx_word' id='word_1_38' title='bbox 371 986 467 1041; x_wconf 87' lang='lat' dir='ltr'><strong>atrum</strong></span> <span class='ocrx_word' id='word_1_39' title='bbox 490 979 605 1044; x_wconf 91' lang='lat' dir='ltr'><strong>bonum</strong></span> <span class='ocrx_word' id='word_1_40' title='bbox 625 984 682 1061; x_wconf 89' lang='lat' dir='ltr'><strong>sit,</strong></span> <span class='ocrx_word' id='word_1_41' title='bbox 699 982 788 1062; x_wconf 77' lang='lat' dir='ltr'><strong>quod</strong></span> <span class='ocrx_word' id='word_1_42' title='bbox 815 985 979 1063; x_wconf 88' lang='lat' dir='ltr'><strong>sapimus,·</strong></span> <span class='ocrx_word' id='word_1_43' title='bbox 997 982 1081 1061; x_wconf 89' lang='lat' dir='ltr'><strong>qnod</strong></span> <span class='ocrx_word' id='word_1_44' title='bbox 1108 985 1291 1062; x_wconf 78' lang='lat' dir='ltr'>quaerimus,</span> <span class='ocrx_word' id='word_1_45' title='bbox 1379 1003 1380 1042; x_wconf 77' lang='lat' dir='ltr'><strong>l</strong></span> 
     </span>
     <span class='ocr_line' id='line_1_7' title="bbox 374 1061 1380 1156; baseline 0.004 -33"><span class='ocrx_word' id='word_1_46' title='bbox 374 1061 1021 1145; x_wconf 70' lang='lat' dir='ltr'><strong>quodexspeotemnaquoddesideramns.</strong></span> <span class='ocrx_word' id='word_1_47' title='bbox 1058 1065 1290 1130; x_wconf 69' lang='lat' dir='ltr'><strong>eieraxllll:</strong></span> <span class='ocrx_word' id='word_1_48' title='bbox 1379 1099 1380 1156; x_wconf 14' lang='grc' dir='ltr'><strong>ἰ</strong></span> 
     </span>
     <span class='ocr_line' id='line_1_8' title="bbox 374 1143 1380 1228; baseline 0.01 -25"><span class='ocrx_word' id='word_1_49' title='bbox 374 1143 639 1218; x_wconf 77' lang='lat' dir='ltr'>Quemadmodum</span> <span class='ocrx_word' id='word_1_50' title='bbox 662 1148 818 1210; x_wconf 78' lang='lat' dir='ltr'>desiderat</span> <span class='ocrx_word' id='word_1_51' title='bbox 838 1169 946 1212; x_wconf 82' lang='lat' dir='ltr'><strong>nervus</strong></span> <span class='ocrx_word' id='word_1_52' title='bbox 964 1148 1005 1210; x_wconf 85' lang='lat' dir='ltr'><strong>ad</strong></span> <span class='ocrx_word' id='word_1_53' title='bbox 1020 1149 1292 1228; x_wconf 76' lang='lat' dir='ltr'><strong>sontesaouarum,</strong></span> <span class='ocrx_word' id='word_1_54' title='bbox 1379 1157 1380 1194; x_wconf 55' lang='grc' dir='ltr'>ἒ</span> 
     </span>
    </p>
   </div>
   <div class='ocr_carea' id='block_1_5' title="bbox 372 1227 1294 1310">
    <p class='ocr_par' dir='ltr' id='par_1_5' title="bbox 372 1227 1294 1310">
     <span class='ocr_line' id='line_1_9' title="bbox 372 1227 1294 1310; baseline 0.004 -24"><span class='ocrx_word' id='word_1_55' title='bbox 372 1228 416 1287; x_wconf 87' lang='lat' dir='ltr'><strong>ita</strong></span> <span class='ocrx_word' id='word_1_56' title='bbox 435 1227 590 1291; x_wconf 82' lang='lat' dir='ltr'><strong>desiderat</strong></span> <span class='ocrx_word' id='word_1_57' title='bbox 612 1233 715 1291; x_wconf 90' lang='lat' dir='ltr'><strong>anima</strong></span> <span class='ocrx_word' id='word_1_58' title='bbox 735 1231 776 1290; x_wconf 92' lang='lat' dir='ltr'><strong>ad</strong></span> <span class='ocrx_word' id='word_1_59' title='bbox 798 1239 846 1310; x_wconf 90' lang='lat' dir='ltr'><strong>te,</strong></span> <span class='ocrx_word' id='word_1_60' title='bbox 867 1233 961 1308; x_wconf 87' lang='lat' dir='ltr'><strong>Deus,</strong></span> <span class='ocrx_word' id='word_1_61' title='bbox 983 1233 1079 1292; x_wconf 80' lang='lat' dir='ltr'><strong>sitivit</strong></span> <span class='ocrx_word' id='word_1_62' title='bbox 1099 1234 1204 1291; x_wconf 89' lang='lat' dir='ltr'><strong>anima</strong></span> <span class='ocrx_word' id='word_1_63' title='bbox 1226 1252 1294 1291; x_wconf 89' lang='lat' dir='ltr'><strong>mea</strong></span> 
     </span>
    </p>
   </div>
   <div class='ocr_carea' id='block_1_6' title="bbox 372 1309 1380 1560">
    <p class='ocr_par' dir='ltr' id='par_1_6' title="bbox 372 1309 1380 1560">
     <span class='ocr_line' id='line_1_10' title="bbox 373 1309 1380 1394; baseline 0.007 -26"><span class='ocrx_word' id='word_1_64' title='bbox 373 1309 523 1372; x_wconf 92' lang='lat' dir='ltr'><strong>adDeum</strong></span> <span class='ocrx_word' id='word_1_65' title='bbox 540 1313 661 1391; x_wconf 79' lang='lat' dir='ltr'><strong>fortem,</strong></span> <span class='ocrx_word' id='word_1_66' title='bbox 675 1315 787 1392; x_wconf 88' lang='lat' dir='ltr'><strong>vivum,</strong></span> <span class='ocrx_word' id='word_1_67' title='bbox 806 1314 929 1392; x_wconf 91' lang='lat' dir='ltr'><strong>quando</strong></span> <span class='ocrx_word' id='word_1_68' title='bbox 942 1315 1064 1374; x_wconf 89' lang='lat' dir='ltr'><strong>veniam</strong></span> <span class='ocrx_word' id='word_1_69' title='bbox 1082 1321 1114 1374; x_wconf 90' lang='lat' dir='ltr'><strong>et</strong></span> <span class='ocrx_word' id='word_1_70' title='bbox 1134 1315 1291 1394; x_wconf 78' lang='lat' dir='ltr'><strong>apparebo</strong></span> <span class='ocrx_word' id='word_1_71' title='bbox 1379 1357 1380 1364; x_wconf 34' lang='grc' dir='ltr'>ι</span> 
     </span>
     <span class='ocr_line' id='line_1_11' title="bbox 372 1395 1380 1478; baseline 0.004 -27"><span class='ocrx_word' id='word_1_72' title='bbox 372 1399 445 1453; x_wconf 91' lang='lat' dir='ltr'><strong>ante</strong></span> <span class='ocrx_word' id='word_1_73' title='bbox 467 1395 577 1456; x_wconf 86' lang='lat' dir='ltr'><strong>faeiem</strong></span> <span class='ocrx_word' id='word_1_74' title='bbox 600 1397 682 1457; x_wconf 84' lang='lat' dir='ltr'><strong>Dei?</strong></span> <span class='ocrx_word' id='word_1_75' title='bbox 724 1397 751 1457; x_wconf 92' lang='grc' dir='ltr'><strong>Ο</strong></span> <span class='ocrx_word' id='word_1_76' title='bbox 774 1397 898 1478; x_wconf 86' lang='lat' dir='ltr'><strong>dignam</strong></span> <span class='ocrx_word' id='word_1_77' title='bbox 920 1398 1073 1456; x_wconf 91' lang='lat' dir='ltr'><strong>animam!</strong></span> <span class='ocrx_word' id='word_1_78' title='bbox 1109 1397 1291 1458; x_wconf 80' lang='lat' dir='ltr'><strong>oielieem!</strong></span> <span class='ocrx_word' id='word_1_79' title='bbox 1379 1407 1380 1436; x_wconf 69' lang='lat'><em>³</em></span> 
     </span>
     <span class='ocr_line' id='line_1_12' title="bbox 373 1475 1380 1560; baseline 0.005 -24"><span class='ocrx_word' id='word_1_80' title='bbox 373 1495 393 1536; x_wconf 95' lang='lat' dir='ltr'><strong>o</strong></span> <span class='ocrx_word' id='word_1_81' title='bbox 414 1480 538 1556; x_wconf 86' lang='lat' dir='ltr'><strong>puram!</strong></span> <span class='ocrx_word' id='word_1_82' title='bbox 570 1499 652 1558; x_wconf 87' lang='lat' dir='ltr'><strong>qnae</strong></span> <span class='ocrx_word' id='word_1_83' title='bbox 672 1481 714 1542; x_wconf 88' lang='lat' dir='ltr'><strong>ita</strong></span> <span class='ocrx_word' id='word_1_84' title='bbox 744 1475 842 1542; x_wconf 84' lang='lat' dir='ltr'><strong>Deum</strong></span> <span class='ocrx_word' id='word_1_85' title='bbox 873 1479 971 1540; x_wconf 90' lang='lat' dir='ltr'><strong>solum</strong></span> <span class='ocrx_word' id='word_1_86' title='bbox 1001 1481 1081 1560; x_wconf 88' lang='lat' dir='ltr'><strong>sapit</strong></span> <span class='ocrx_word' id='word_1_87' title='bbox 1102 1499 1141 1543; x_wconf 82' lang='lat' dir='ltr'><strong>uo</strong></span> <span class='ocrx_word' id='word_1_88' title='bbox 1160 1482 1292 1559; x_wconf 80' lang='lat' dir='ltr'><strong>quaerit,</strong></span> <span class='ocrx_word' id='word_1_89' title='bbox 1379 1487 1380 1528; x_wconf 67' lang='grc' dir='ltr'>ἲ</span> 
     </span>
    </p>
   </div>
   <div class='ocr_carea' id='block_1_7' title="bbox 369 1561 1295 2637">
    <p class='ocr_par' dir='ltr' id='par_1_7' title="bbox 369 1561 1295 2637">
     <span class='ocr_line' id='line_1_13' title="bbox 373 1561 1291 1641; baseline 0.003 -23"><span class='ocrx_word' id='word_1_90' title='bbox 373 1567 415 1640; x_wconf 86' lang='lat' dir='ltr'><strong>ut,</strong></span> <span class='ocrx_word' id='word_1_91' title='bbox 437 1562 584 1640; x_wconf 86' lang='lat' dir='ltr'><strong>quioquid</strong></span> <span class='ocrx_word' id='word_1_92' title='bbox 605 1562 699 1638; x_wconf 91' lang='lat' dir='ltr'><strong>videt,</strong></span> <span class='ocrx_word' id='word_1_93' title='bbox 722 1561 817 1639; x_wconf 87' lang='lat' dir='ltr'><strong>audit,</strong></span> <span class='ocrx_word' id='word_1_94' title='bbox 840 1563 947 1641; x_wconf 78' lang='lat' dir='ltr'><strong>sentit,</strong></span> <span class='ocrx_word' id='word_1_95' title='bbox 969 1569 1099 1623; x_wconf 92' lang='lat' dir='ltr'><strong>mortem</strong></span> <span class='ocrx_word' id='word_1_96' title='bbox 1122 1570 1154 1622; x_wconf 92' lang='lat' dir='ltr'><strong>et</strong></span> <span class='ocrx_word' id='word_1_97' title='bbox 1173 1564 1291 1624; x_wconf 82' lang='lat' dir='ltr'><strong>laetum</strong></span> 
     </span>
     <span class='ocr_line' id='line_1_14' title="bbox 372 1645 1293 1725; baseline 0.007 -23"><span class='ocrx_word' id='word_1_98' title='bbox 372 1661 411 1702; x_wconf 91' lang='lat' dir='ltr'><strong>ao</strong></span> <span class='ocrx_word' id='word_1_99' title='bbox 430 1645 586 1709; x_wconf 89' lang='lat' dir='ltr'><strong>miseriam</strong></span> <span class='ocrx_word' id='word_1_100' title='bbox 609 1652 714 1725; x_wconf 89' lang='lat' dir='ltr'><strong>putet,</strong></span> <span class='ocrx_word' id='word_1_101' title='bbox 740 1652 776 1705; x_wconf 90' lang='lat' dir='ltr'><strong>ut</strong></span> <span class='ocrx_word' id='word_1_102' title='bbox 796 1645 887 1724; x_wconf 87' lang='lat' dir='ltr'><strong>dieat,</strong></span> <span class='ocrx_word' id='word_1_103' title='bbox 908 1645 1031 1707; x_wconf 87' lang='lat' dir='ltr'><strong>fuerunt</strong></span> <span class='ocrx_word' id='word_1_104' title='bbox 1050 1645 1293 1720; x_wconf 80' lang='lat' dir='ltr'><strong>mihilaorimae</strong></span> 
     </span>
     <span class='ocr_line' id='line_1_15' title="bbox 370 1726 1292 1808; baseline 0.004 -24"><span class='ocrx_word' id='word_1_105' title='bbox 370 1745 468 1806; x_wconf 90' lang='lat' dir='ltr'><strong>panes</strong></span> <span class='ocrx_word' id='word_1_106' title='bbox 489 1726 540 1787; x_wconf 90' lang='lat' dir='ltr'><strong>die</strong></span> <span class='ocrx_word' id='word_1_107' title='bbox 561 1747 599 1787; x_wconf 87' lang='lat' dir='ltr'><strong>ae</strong></span> <span class='ocrx_word' id='word_1_108' title='bbox 621 1735 724 1804; x_wconf 90' lang='lat' dir='ltr'><strong>noete,</strong></span> <span class='ocrx_word' id='word_1_109' title='bbox 746 1727 818 1788; x_wconf 90' lang='lat' dir='ltr'><strong>dum</strong></span> <span class='ocrx_word' id='word_1_110' title='bbox 840 1728 951 1798; x_wconf 81' lang='lat' dir='ltr'><strong>dieitur</strong></span> <span class='ocrx_word' id='word_1_111' title='bbox 971 1729 1045 1788; x_wconf 91' lang='lat' dir='ltr'><strong>mihi</strong></span> <span class='ocrx_word' id='word_1_112' title='bbox 1068 1729 1216 1808; x_wconf 90' lang='lat' dir='ltr'><strong>quotidie,</strong></span> <span class='ocrx_word' id='word_1_113' title='bbox 1242 1730 1292 1790; x_wconf 88' lang='lat' dir='ltr'><strong>ubi</strong></span> 
     </span>
     <span class='ocr_line' id='line_1_16' title="bbox 372 1808 1293 1892; baseline 0.002 -24"><span class='ocrx_word' id='word_1_114' title='bbox 372 1814 420 1868; x_wconf 90' lang='lat' dir='ltr'><strong>est</strong></span> <span class='ocrx_word' id='word_1_115' title='bbox 446 1809 530 1869; x_wconf 91' lang='lat' dir='ltr'><strong>Deus</strong></span> <span class='ocrx_word' id='word_1_116' title='bbox 560 1816 638 1875; x_wconf 83' lang='lat' dir='ltr'><strong>tuus.</strong></span> <span class='ocrx_word' id='word_1_117' title='bbox 692 1808 780 1885; x_wconf 77' lang='lat' dir='ltr'><strong>Quae</strong></span> <span class='ocrx_word' id='word_1_118' title='bbox 808 1812 913 1872; x_wconf 88' lang='lat' dir='ltr'><strong>omnia</strong></span> <span class='ocrx_word' id='word_1_119' title='bbox 943 1811 1022 1870; x_wconf 87' lang='lat' dir='ltr'><strong>haee</strong></span> <span class='ocrx_word' id='word_1_120' title='bbox 1050 1811 1123 1871; x_wconf 87' lang='lat' dir='ltr'><strong>dioit</strong></span> <span class='ocrx_word' id='word_1_121' title='bbox 1150 1819 1293 1892; x_wconf 82' lang='lat' dir='ltr'><strong>ternpore</strong></span> 
     </span>
     <span class='ocr_line' id='line_1_17' title="bbox 371 1893 1292 1974; baseline 0.004 -24"><span class='ocrx_word' id='word_1_122' title='bbox 371 1893 594 1972; x_wconf 69' lang='lat' dir='ltr'><strong>prosperitatis,</strong></span> <span class='ocrx_word' id='word_1_123' title='bbox 617 1894 694 1954; x_wconf 86' lang='lat' dir='ltr'><strong>mira</strong></span> <span class='ocrx_word' id='word_1_124' title='bbox 711 1895 811 1974; x_wconf 84' lang='lat' dir='ltr'><strong>gratia</strong></span> <span class='ocrx_word' id='word_1_125' title='bbox 833 1903 880 1954; x_wconf 87' lang='lat' dir='ltr'><strong>est</strong></span> <span class='ocrx_word' id='word_1_126' title='bbox 900 1893 1065 1962; x_wconf 86' lang='lat' dir='ltr'><strong>illustrata:</strong></span> <span class='ocrx_word' id='word_1_127' title='bbox 1090 1913 1162 1952; x_wconf 89' lang='lat' dir='ltr'><strong>nam</strong></span> <span class='ocrx_word' id='word_1_128' title='bbox 1184 1895 1292 1958; x_wconf 88' lang='lat' dir='ltr'><strong>adver-</strong></span> 
     </span>
     <span class='ocr_line' id='line_1_18' title="bbox 371 1975 1150 2056; baseline 0.005 -22"><span class='ocrx_word' id='word_1_129' title='bbox 371 1975 469 2037; x_wconf 80' lang='lat' dir='ltr'><strong>sitatis</strong></span> <span class='ocrx_word' id='word_1_130' title='bbox 491 1982 631 2054; x_wconf 90' lang='lat' dir='ltr'><strong>tempore</strong></span> <span class='ocrx_word' id='word_1_131' title='bbox 652 1977 698 2037; x_wconf 86' lang='lat' dir='ltr'><strong>sie</strong></span> <span class='ocrx_word' id='word_1_132' title='bbox 715 1976 819 2038; x_wconf 88' lang='lat' dir='ltr'><strong>dieere</strong></span> <span class='ocrx_word' id='word_1_133' title='bbox 840 1995 905 2037; x_wconf 88' lang='lat' dir='ltr'><strong>non</strong></span> <span class='ocrx_word' id='word_1_134' title='bbox 927 1983 975 2038; x_wconf 90' lang='lat' dir='ltr'><strong>est</strong></span> <span class='ocrx_word' id='word_1_135' title='bbox 995 1995 1150 2056; x_wconf 80' lang='lat' dir='ltr'><strong>magnum.</strong></span> 
     </span>
     <span class='ocr_line' id='line_1_19' title="bbox 455 2057 1294 2138; baseline 0.002 -20"><span class='ocrx_word' id='word_1_136' title='bbox 455 2057 677 2121; x_wconf 75' lang='lat' dir='ltr'><strong>Conclusio.</strong></span> <span class='ocrx_word' id='word_1_137' title='bbox 726 2060 827 2120; x_wconf 84' lang='lat' dir='ltr'><strong>Tanto</strong></span> <span class='ocrx_word' id='word_1_138' title='bbox 856 2061 962 2138; x_wconf 86' lang='lat' dir='ltr'><strong>itaque</strong></span> <span class='ocrx_word' id='word_1_139' title='bbox 988 2061 1188 2121; x_wconf 83' lang='lat' dir='ltr'><strong>remotiorem</strong></span> <span class='ocrx_word' id='word_1_140' title='bbox 1210 2079 1294 2130; x_wconf 78' lang='lat' dir='ltr'><strong>sese</strong></span> 
     </span>
     <span class='ocr_line' id='line_1_20' title="bbox 371 2140 1294 2222; baseline 0.003 -21"><span class='ocrx_word' id='word_1_141' title='bbox 371 2150 522 2220; x_wconf 79' lang='lat' dir='ltr'><strong>agnoscat</strong></span> <span class='ocrx_word' id='word_1_142' title='bbox 538 2140 581 2202; x_wconf 87' lang='lat' dir='ltr'><strong>ab</strong></span> <span class='ocrx_word' id='word_1_143' title='bbox 601 2141 782 2222; x_wconf 83' lang='lat' dir='ltr'><strong>impletione</strong></span> <span class='ocrx_word' id='word_1_144' title='bbox 814 2142 919 2219; x_wconf 89' lang='lat' dir='ltr'><strong>huius,</strong></span> <span class='ocrx_word' id='word_1_145' title='bbox 953 2149 1067 2220; x_wconf 88' lang='lat' dir='ltr'><strong>quanto</strong></span> <span class='ocrx_word' id='word_1_146' title='bbox 1089 2144 1294 2207; x_wconf 87' lang='lat' dir='ltr'><strong>remotiorem</strong></span> 
     </span>
     <span class='ocr_line' id='line_1_21' title="bbox 370 2224 1293 2289; baseline 0.008 -7"><span class='ocrx_word' id='word_1_147' title='bbox 370 2242 406 2283; x_wconf 91' lang='lat' dir='ltr'><strong>se</strong></span> <span class='ocrx_word' id='word_1_148' title='bbox 426 2224 537 2287; x_wconf 87' lang='lat' dir='ltr'><strong>abesse</strong></span> <span class='ocrx_word' id='word_1_149' title='bbox 553 2226 646 2286; x_wconf 89' lang='lat' dir='ltr'><strong>sentit</strong></span> <span class='ocrx_word' id='word_1_150' title='bbox 667 2224 706 2286; x_wconf 88' lang='lat' dir='ltr'><strong>ab</strong></span> <span class='ocrx_word' id='word_1_151' title='bbox 727 2224 841 2286; x_wconf 84' lang='lat' dir='ltr'><strong>affeetu</strong></span> <span class='ocrx_word' id='word_1_152' title='bbox 861 2225 1044 2288; x_wconf 90' lang='lat' dir='ltr'><strong>huiusmodi.</strong></span> <span class='ocrx_word' id='word_1_153' title='bbox 1087 2225 1166 2286; x_wconf 82' lang='lat' dir='ltr'><strong>Mira</strong></span> <span class='ocrx_word' id='word_1_154' title='bbox 1186 2226 1293 2289; x_wconf 88' lang='lat' dir='ltr'><strong>viden·</strong></span> 
     </span>
     <span class='ocr_line' id='line_1_22' title="bbox 371 2306 1294 2389; baseline 0.004 -23"><span class='ocrx_word' id='word_1_155' title='bbox 371 2311 420 2367; x_wconf 90' lang='lat' dir='ltr'><strong>tur</strong></span> <span class='ocrx_word' id='word_1_156' title='bbox 440 2306 560 2388; x_wconf 88' lang='lat' dir='ltr'><strong>aliqua,</strong></span> <span class='ocrx_word' id='word_1_157' title='bbox 582 2311 613 2370; x_wconf 89' lang='lat' dir='ltr'><strong>et</strong></span> <span class='ocrx_word' id='word_1_158' title='bbox 635 2316 750 2387; x_wconf 88' lang='lat' dir='ltr'><strong>quanto</strong></span> <span class='ocrx_word' id='word_1_159' title='bbox 773 2309 881 2389; x_wconf 87' lang='lat' dir='ltr'><strong>magis,</strong></span> <span class='ocrx_word' id='word_1_160' title='bbox 903 2314 989 2369; x_wconf 89' lang='lat' dir='ltr'><strong>tanto</strong></span> <span class='ocrx_word' id='word_1_161' title='bbox 1012 2309 1190 2371; x_wconf 84' lang='lat' dir='ltr'><strong>remotiore.</strong></span> <span class='ocrx_word' id='word_1_162' title='bbox 1234 2311 1294 2370; x_wconf 81' lang='lat' dir='ltr'><strong>Ra-</strong></span> 
     </span>
     <span class='ocr_line' id='line_1_23' title="bbox 369 2390 1293 2472; baseline 0.003 -20"><span class='ocrx_word' id='word_1_163' title='bbox 369 2392 413 2452; x_wconf 91' lang='lat' dir='ltr'><strong>tio</strong></span> <span class='ocrx_word' id='word_1_164' title='bbox 436 2397 483 2451; x_wconf 92' lang='lat' dir='ltr'><strong>est</strong></span> <span class='ocrx_word' id='word_1_165' title='bbox 500 2392 689 2469; x_wconf 82' lang='lat' dir='ltr'><strong>eonelusiva,</strong></span> <span class='ocrx_word' id='word_1_166' title='bbox 711 2393 760 2451; x_wconf 89' lang='lat' dir='ltr'><strong>eui</strong></span> <span class='ocrx_word' id='word_1_167' title='bbox 777 2390 861 2453; x_wconf 89' lang='lat' dir='ltr'><strong>Deus</strong></span> <span class='ocrx_word' id='word_1_168' title='bbox 883 2390 999 2469; x_wconf 88' lang='lat' dir='ltr'><strong>aliquid</strong></span> <span class='ocrx_word' id='word_1_169' title='bbox 1020 2398 1076 2469; x_wconf 78' lang='lat' dir='ltr'><strong>est,</strong></span> <span class='ocrx_word' id='word_1_170' title='bbox 1097 2393 1293 2472; x_wconf 84' lang='lat' dir='ltr'><strong>impossihile</strong></span> 
     </span>
     <span class='ocr_line' id='line_1_24' title="bbox 370 2474 1294 2555; baseline 0.004 -22"><span class='ocrx_word' id='word_1_171' title='bbox 370 2482 427 2553; x_wconf 89' lang='lat' dir='ltr'><strong>est,</strong></span> <span class='ocrx_word' id='word_1_172' title='bbox 440 2480 473 2533; x_wconf 91' lang='lat' dir='ltr'><strong>ut</strong></span> <span class='ocrx_word' id='word_1_173' title='bbox 485 2481 589 2536; x_wconf 87' lang='lat' dir='ltr'><strong>eetera</strong></span> <span class='ocrx_word' id='word_1_174' title='bbox 601 2476 630 2535; x_wconf 91' lang='lat' dir='ltr'><strong>ei</strong></span> <span class='ocrx_word' id='word_1_175' title='bbox 646 2474 760 2553; x_wconf 90' lang='lat' dir='ltr'><strong>aliquid</strong></span> <span class='ocrx_word' id='word_1_176' title='bbox 774 2476 845 2553; x_wconf 81' lang='lat' dir='ltr'><strong>sint,</strong></span> <span class='ocrx_word' id='word_1_177' title='bbox 865 2475 914 2535; x_wconf 87' lang='lat' dir='ltr'><strong>eui</strong></span> <span class='ocrx_word' id='word_1_178' title='bbox 927 2481 1031 2545; x_wconf 85' lang='lat' dir='ltr'><strong>autem</strong></span> <span class='ocrx_word' id='word_1_179' title='bbox 1051 2480 1155 2535; x_wconf 76' lang='lat' dir='ltr'><strong>cetera</strong></span> <span class='ocrx_word' id='word_1_180' title='bbox 1176 2475 1294 2555; x_wconf 89' lang='lat' dir='ltr'><strong>aliquid</strong></span> 
     </span>
     <span class='ocr_line' id='line_1_25' title="bbox 369 2556 1295 2637; baseline 0.003 -21"><span class='ocrx_word' id='word_1_181' title='bbox 369 2564 450 2636; x_wconf 85' lang='lat' dir='ltr'><strong>sunt,</strong></span> <span class='ocrx_word' id='word_1_182' title='bbox 471 2558 672 2637; x_wconf 90' lang='lat' dir='ltr'><strong>impossibile,</strong></span> <span class='ocrx_word' id='word_1_183' title='bbox 686 2558 814 2624; x_wconf 87' lang='lat' dir='ltr'><strong>utDeus</strong></span> <span class='ocrx_word' id='word_1_184' title='bbox 837 2558 865 2617; x_wconf 91' lang='lat' dir='ltr'><strong>ei</strong></span> <span class='ocrx_word' id='word_1_185' title='bbox 887 2556 1002 2635; x_wconf 88' lang='lat' dir='ltr'><strong>aliquid</strong></span> <span class='ocrx_word' id='word_1_186' title='bbox 1024 2558 1074 2619; x_wconf 85' lang='lat' dir='ltr'><strong>sit.</strong></span> <span class='ocrx_word' id='word_1_187' title='bbox 1106 2557 1295 2637; x_wconf 78' lang='lat' dir='ltr'><strong>Siosponsa</strong></span> 
     </span>
    </p>
   </div>
   <div class='ocr_carea' id='block_1_8' title="bbox 368 2639 1380 2719">
    <p class='ocr_par' dir='ltr' id='par_1_8' title="bbox 368 2639 1380 2719">
     <span class='ocr_line' id='line_1_26' title="bbox 368 2639 1380 2719; baseline 0.001 -17"><span class='ocrx_word' id='word_1_188' title='bbox 368 2640 401 2702; x_wconf 89' lang='lat' dir='ltr'><strong>iu</strong></span> <span class='ocrx_word' id='word_1_189' title='bbox 422 2642 562 2718; x_wconf 77' lang='lat' dir='ltr'><strong>cantico,</strong></span> <span class='ocrx_word' id='word_1_190' title='bbox 591 2659 661 2701; x_wconf 90' lang='lat' dir='ltr'><strong>eum</strong></span> <span class='ocrx_word' id='word_1_191' title='bbox 683 2660 753 2705; x_wconf 89' lang='lat' dir='ltr'><strong>eum</strong></span> <span class='ocrx_word' id='word_1_192' title='bbox 783 2642 814 2701; x_wconf 89' lang='lat' dir='ltr'><strong>in</strong></span> <span class='ocrx_word' id='word_1_193' title='bbox 842 2639 983 2714; x_wconf 88' lang='lat' dir='ltr'><strong>omnibus</strong></span> <span class='ocrx_word' id='word_1_194' title='bbox 1011 2642 1204 2719; x_wconf 83' lang='lat' dir='ltr'><strong>quaesisset,</strong></span> <span class='ocrx_word' id='word_1_195' title='bbox 1234 2660 1295 2703; x_wconf 86' lang='lat' dir='ltr'><strong>nee</strong></span> <span class='ocrx_word' id='word_1_196' title='bbox 1379 2662 1380 2689; x_wconf 71' lang='grc' dir='ltr'>ι</span> 
     </span>
    </p>
   </div>
   <div class='ocr_carea' id='block_1_9' title="bbox 370 2721 1380 2801">
    <p class='ocr_par' dir='ltr' id='par_1_9' title="bbox 370 2721 1380 2801">
     <span class='ocr_line' id='line_1_27' title="bbox 370 2721 1380 2801; baseline 0.002 -20"><span class='ocrx_word' id='word_1_197' title='bbox 370 2721 402 2781; x_wconf 91' lang='lat' dir='ltr'><strong>in</strong></span> <span class='ocrx_word' id='word_1_198' title='bbox 424 2722 604 2783; x_wconf 76' lang='lat' dir='ltr'><strong>custodibus</strong></span> <span class='ocrx_word' id='word_1_199' title='bbox 625 2724 757 2784; x_wconf 76' lang='lat' dir='ltr'><strong>civitatis</strong></span> <span class='ocrx_word' id='word_1_200' title='bbox 777 2742 848 2783; x_wconf 91' lang='lat' dir='ltr'><strong>eum</strong></span> <span class='ocrx_word' id='word_1_201' title='bbox 867 2723 996 2801; x_wconf 81' lang='lat' dir='ltr'><strong>invenit,</strong></span> <span class='ocrx_word' id='word_1_202' title='bbox 1016 2722 1048 2783; x_wconf 90' lang='lat' dir='ltr'><strong>id</strong></span> <span class='ocrx_word' id='word_1_203' title='bbox 1068 2724 1160 2786; x_wconf 86' lang='lat' dir='ltr'><strong>estin</strong></span> <span class='ocrx_word' id='word_1_204' title='bbox 1174 2726 1293 2787; x_wconf 88' lang='lat' dir='ltr'><strong>sanetis</strong></span> <span class='ocrx_word' id='word_1_205' title='bbox 1379 2730 1380 2795; x_wconf 70' lang='grc' dir='ltr'>ζ</span> 
     </span>
    </p>
   </div>
   <div class='ocr_carea' id='block_1_10' title="bbox 366 2804 1293 3713">
    <p class='ocr_par' dir='ltr' id='par_1_10' title="bbox 366 2804 1293 3713">
     <span class='ocr_line' id='line_1_28' title="bbox 368 2804 1293 2885; baseline 0.002 -20"><span class='ocrx_word' id='word_1_206' title='bbox 368 2806 530 2885; x_wconf 86' lang='lat' dir='ltr'><strong>praelatis,</strong></span> <span class='ocrx_word' id='word_1_207' title='bbox 555 2804 656 2865; x_wconf 89' lang='lat' dir='ltr'><strong>donee</strong></span> <span class='ocrx_word' id='word_1_208' title='bbox 682 2813 714 2867; x_wconf 89' lang='lat' dir='ltr'><strong>et</strong></span> <span class='ocrx_word' id='word_1_209' title='bbox 740 2804 812 2866; x_wconf 88' lang='lat' dir='ltr'><strong>illos</strong></span> <span class='ocrx_word' id='word_1_210' title='bbox 842 2807 1054 2885; x_wconf 85' lang='lat' dir='ltr'><strong>pertransiret:</strong></span> <span class='ocrx_word' id='word_1_211' title='bbox 1099 2804 1181 2868; x_wconf 89' lang='lat' dir='ltr'><strong>adeo</strong></span> <span class='ocrx_word' id='word_1_212' title='bbox 1215 2808 1293 2871; x_wconf 82' lang='lat' dir='ltr'><strong>nihil</strong></span> 
     </span>
     <span class='ocr_line' id='line_1_29' title="bbox 367 2888 1292 2969; baseline 0.003 -22"><span class='ocrx_word' id='word_1_213' title='bbox 367 2893 473 2967; x_wconf 90' lang='lat' dir='ltr'><strong>potest</strong></span> <span class='ocrx_word' id='word_1_214' title='bbox 495 2906 564 2947; x_wconf 88' lang='lat' dir='ltr'><strong>oum</strong></span> <span class='ocrx_word' id='word_1_215' title='bbox 584 2889 652 2948; x_wconf 89' lang='lat' dir='ltr'><strong>Deo</strong></span> <span class='ocrx_word' id='word_1_216' title='bbox 674 2889 775 2969; x_wconf 85' lang='lat' dir='ltr'><strong>diligi,</strong></span> <span class='ocrx_word' id='word_1_217' title='bbox 807 2893 842 2947; x_wconf 90' lang='lat' dir='ltr'><strong>nt</strong></span> <span class='ocrx_word' id='word_1_218' title='bbox 862 2889 956 2948; x_wconf 89' lang='lat' dir='ltr'><strong>etiam</strong></span> <span class='ocrx_word' id='word_1_219' title='bbox 976 2888 1087 2949; x_wconf 89' lang='lat' dir='ltr'><strong>dootos</strong></span> <span class='ocrx_word' id='word_1_220' title='bbox 1109 2895 1141 2949; x_wconf 89' lang='lat' dir='ltr'><strong>et</strong></span> <span class='ocrx_word' id='word_1_221' title='bbox 1162 2896 1292 2950; x_wconf 86' lang='lat' dir='ltr'><strong>sanatos</strong></span> 
     </span>
     <span class='ocr_line' id='line_1_30' title="bbox 367 2970 1292 3051; baseline 0.003 -22"><span class='ocrx_word' id='word_1_222' title='bbox 367 2970 510 3031; x_wconf 90' lang='lat' dir='ltr'><strong>homines</strong></span> <span class='ocrx_word' id='word_1_223' title='bbox 532 2976 674 3051; x_wconf 87' lang='lat' dir='ltr'><strong>oporteat</strong></span> <span class='ocrx_word' id='word_1_224' title='bbox 701 2972 821 3032; x_wconf 81' lang='lat' dir='ltr'><strong>nescire</strong></span> <span class='ocrx_word' id='word_1_225' title='bbox 848 2976 880 3030; x_wconf 91' lang='lat' dir='ltr'><strong>et</strong></span> <span class='ocrx_word' id='word_1_226' title='bbox 900 2970 1048 3033; x_wconf 79' lang='lat' dir='ltr'><strong>fastidire.</strong></span> <span class='ocrx_word' id='word_1_227' title='bbox 1098 2971 1155 3030; x_wconf 80' lang='lat' dir='ltr'><strong>(lui</strong></span> <span class='ocrx_word' id='word_1_228' title='bbox 1186 2978 1292 3050; x_wconf 77' lang='lat' dir='ltr'><strong>autem</strong></span> 
     </span>
     <span class='ocr_line' id='line_1_31' title="bbox 367 3052 1291 3133; baseline 0.004 -20"><span class='ocrx_word' id='word_1_229' title='bbox 367 3053 453 3113; x_wconf 85' lang='lat' dir='ltr'><strong>Deus</strong></span> <span class='ocrx_word' id='word_1_230' title='bbox 479 3054 556 3114; x_wconf 90' lang='lat' dir='ltr'><strong>nihil</strong></span> <span class='ocrx_word' id='word_1_231' title='bbox 584 3061 647 3132; x_wconf 88' lang='lat' dir='ltr'><strong>est,</strong></span> <span class='ocrx_word' id='word_1_232' title='bbox 677 3056 771 3115; x_wconf 87' lang='lat' dir='ltr'><strong>etiam</strong></span> <span class='ocrx_word' id='word_1_233' title='bbox 799 3052 908 3113; x_wconf 79' lang='lat' dir='ltr'><strong>folium</strong></span> <span class='ocrx_word' id='word_1_234' title='bbox 938 3054 1058 3114; x_wconf 81' lang='lat' dir='ltr'><strong>arb&#39;oris</strong></span> <span class='ocrx_word' id='word_1_235' title='bbox 1086 3054 1203 3133; x_wconf 90' lang='lat' dir='ltr'><strong>aliquid</strong></span> <span class='ocrx_word' id='word_1_236' title='bbox 1233 3062 1291 3119; x_wconf 86' lang='lat' dir='ltr'><strong>est.</strong></span> 
     </span>
     <span class='ocr_line' id='line_1_32' title="bbox 368 3135 1292 3217; baseline 0.002 -20"><span class='ocrx_word' id='word_1_237' title='bbox 368 3135 421 3197; x_wconf 81' lang='lat' dir='ltr'><strong>Sin</strong></span> <span class='ocrx_word' id='word_1_238' title='bbox 441 3136 472 3198; x_wconf 81' lang='lat' dir='ltr'><strong>S.</strong></span> <span class='ocrx_word' id='word_1_239' title='bbox 497 3136 662 3197; x_wconf 90' lang='lat' dir='ltr'><strong>Laurentio</strong></span> <span class='ocrx_word' id='word_1_240' title='bbox 684 3155 743 3197; x_wconf 85' lang='lat' dir='ltr'><strong>nee</strong></span> <span class='ocrx_word' id='word_1_241' title='bbox 762 3136 842 3217; x_wconf 85' lang='lat' dir='ltr'><strong>ignis</strong></span> <span class='ocrx_word' id='word_1_242' title='bbox 865 3135 980 3215; x_wconf 87' lang='lat' dir='ltr'><strong>aliquid</strong></span> <span class='ocrx_word' id='word_1_243' title='bbox 1001 3135 1058 3196; x_wconf 89' lang='lat' dir='ltr'><strong>fuit</strong></span> <span class='ocrx_word' id='word_1_244' title='bbox 1079 3156 1139 3197; x_wconf 87' lang='lat' dir='ltr'><strong>nee</strong></span> <span class='ocrx_word' id='word_1_245' title='bbox 1156 3138 1292 3199; x_wconf 81' lang='lat' dir='ltr'><strong>mundus</strong></span> 
     </span>
     <span class='ocr_line' id='line_1_33' title="bbox 367 3218 1292 3299; baseline 0.001 -19"><span class='ocrx_word' id='word_1_246' title='bbox 367 3226 459 3282; x_wconf 81' lang='lat' dir='ltr'><strong>totus.</strong></span> <span class='ocrx_word' id='word_1_247' title='bbox 503 3218 593 3293; x_wconf 78' lang='lat' dir='ltr'><strong>Quod</strong></span> <span class='ocrx_word' id='word_1_248' title='bbox 616 3220 642 3279; x_wconf 91' lang='lat' dir='ltr'><strong>si</strong></span> <span class='ocrx_word' id='word_1_249' title='bbox 662 3221 707 3280; x_wconf 84' lang='lat' dir='ltr'><strong>sia</strong></span> <span class='ocrx_word' id='word_1_250' title='bbox 728 3226 865 3299; x_wconf 84' lang='lat' dir='ltr'><strong>gemunt,</strong></span> <span class='ocrx_word' id='word_1_251' title='bbox 886 3220 938 3298; x_wconf 87' lang='lat' dir='ltr'><strong>qui</strong></span> <span class='ocrx_word' id='word_1_252' title='bbox 960 3218 1061 3281; x_wconf 88' lang='lat' dir='ltr'><strong>solnm</strong></span> <span class='ocrx_word' id='word_1_253' title='bbox 1072 3220 1174 3281; x_wconf 88' lang='lat' dir='ltr'><strong>Deum</strong></span> <span class='ocrx_word' id='word_1_254' title='bbox 1196 3238 1292 3299; x_wconf 87' lang='lat' dir='ltr'><strong>quae·</strong></span> 
     </span>
     <span class='ocr_line' id='line_1_34' title="bbox 366 3301 1291 3383; baseline 0 -18"><span class='ocrx_word' id='word_1_255' title='bbox 366 3309 446 3380; x_wconf 89' lang='lat' dir='ltr'><strong>runt,</strong></span> <span class='ocrx_word' id='word_1_256' title='bbox 469 3302 578 3381; x_wconf 89' lang='lat' dir='ltr'><strong>quibus</strong></span> <span class='ocrx_word' id='word_1_257' title='bbox 599 3303 732 3363; x_wconf 81' lang='lat' dir='ltr'><strong>lacrimis</strong></span> <span class='ocrx_word' id='word_1_258' title='bbox 755 3306 834 3380; x_wconf 84' lang='lat' dir='ltr'><strong>eunt</strong></span> <span class='ocrx_word' id='word_1_259' title='bbox 847 3301 1029 3381; x_wconf 90' lang='lat' dir='ltr'><strong>deplorandi</strong></span> <span class='ocrx_word' id='word_1_260' title='bbox 1049 3302 1090 3383; x_wconf 90' lang='lat' dir='ltr'><strong>hi,</strong></span> <span class='ocrx_word' id='word_1_261' title='bbox 1109 3303 1217 3383; x_wconf 74' lang='lat' dir='ltr'><strong>quales</strong></span> <span class='ocrx_word' id='word_1_262' title='bbox 1231 3324 1291 3365; x_wconf 89' lang='lat' dir='ltr'><strong>nos</strong></span> 
     </span>
     <span class='ocr_line' id='line_1_35' title="bbox 367 3383 1291 3465; baseline 0.003 -19"><span class='ocrx_word' id='word_1_263' title='bbox 367 3405 483 3465; x_wconf 87' lang='lat' dir='ltr'><strong>sumus,</strong></span> <span class='ocrx_word' id='word_1_264' title='bbox 504 3386 556 3465; x_wconf 91' lang='lat' dir='ltr'><strong>qui</strong></span> <span class='ocrx_word' id='word_1_265' title='bbox 576 3404 635 3446; x_wconf 89' lang='lat' dir='ltr'><strong>nee</strong></span> <span class='ocrx_word' id='word_1_266' title='bbox 655 3386 789 3457; x_wconf 80' lang='lat' dir='ltr'><strong>sentiunt</strong></span> <span class='ocrx_word' id='word_1_267' title='bbox 809 3384 891 3444; x_wconf 85' lang='lat' dir='ltr'><strong>hune</strong></span> <span class='ocrx_word' id='word_1_268' title='bbox 911 3383 1074 3465; x_wconf 79' lang='lat' dir='ltr'><strong>effectum,</strong></span> <span class='ocrx_word' id='word_1_269' title='bbox 1096 3403 1155 3450; x_wconf 86' lang='lat' dir='ltr'><strong>nee</strong></span> <span class='ocrx_word' id='word_1_270' title='bbox 1176 3387 1291 3459; x_wconf 85' lang='lat' dir='ltr'><strong>intelli·</strong></span> 
     </span>
     <span class='ocr_line' id='line_1_36' title="bbox 367 3468 1292 3550; baseline 0.003 -21"><span class='ocrx_word' id='word_1_271' title='bbox 367 3477 444 3550; x_wconf 82' lang='lat' dir='ltr'><strong>gunt</strong></span> <span class='ocrx_word' id='word_1_272' title='bbox 465 3488 552 3529; x_wconf 87' lang='lat' dir='ltr'><strong>suam</strong></span> <span class='ocrx_word' id='word_1_273' title='bbox 572 3470 736 3547; x_wconf 87' lang='lat' dir='ltr'><strong>miseriam,</strong></span> <span class='ocrx_word' id='word_1_274' title='bbox 754 3474 786 3529; x_wconf 90' lang='lat' dir='ltr'><strong>et</strong></span> <span class='ocrx_word' id='word_1_275' title='bbox 798 3468 952 3547; x_wconf 84' lang='lat' dir='ltr'><strong>ignorant,</strong></span> <span class='ocrx_word' id='word_1_276' title='bbox 974 3468 1057 3546; x_wconf 91' lang='lat' dir='ltr'><strong>quod</strong></span> <span class='ocrx_word' id='word_1_277' title='bbox 1071 3488 1159 3535; x_wconf 77' lang='lat' dir='ltr'><strong>aurun</strong></span> <span class='ocrx_word' id='word_1_278' title='bbox 1170 3468 1292 3534; x_wconf 83' lang='lat' dir='ltr'><strong>bonum</strong></span> 
     </span>
     <span class='ocr_line' id='line_1_37' title="bbox 367 3549 1291 3631; baseline 0 -18"><span class='ocrx_word' id='word_1_279' title='bbox 367 3560 456 3613; x_wconf 86' lang='lat' dir='ltr'><strong>extra</strong></span> <span class='ocrx_word' id='word_1_280' title='bbox 471 3552 571 3615; x_wconf 90' lang='lat' dir='ltr'><strong>Deum</strong></span> <span class='ocrx_word' id='word_1_281' title='bbox 588 3553 786 3628; x_wconf 80' lang='lat' dir='ltr'><strong>constituant,</strong></span> <span class='ocrx_word' id='word_1_282' title='bbox 808 3556 842 3609; x_wconf 86' lang='lat' dir='ltr'><strong>et</strong></span> <span class='ocrx_word' id='word_1_283' title='bbox 860 3552 892 3609; x_wconf 89' lang='lat' dir='ltr'><strong>in</strong></span> <span class='ocrx_word' id='word_1_284' title='bbox 913 3549 1179 3611; x_wconf 85' lang='lat' dir='ltr'><strong>aliudeonfidunt</strong></span> <span class='ocrx_word' id='word_1_285' title='bbox 1195 3570 1291 3631; x_wconf 88' lang='lat' dir='ltr'><strong>qnam</strong></span> 
     </span>
     <span class='ocr_line' id='line_1_38' title="bbox 366 3632 1291 3713; baseline 0 -18"><span class='ocrx_word' id='word_1_286' title='bbox 366 3636 398 3695; x_wconf 89' lang='lat' dir='ltr'><strong>in</strong></span> <span class='ocrx_word' id='word_1_287' title='bbox 419 3636 539 3712; x_wconf 88' lang='lat' dir='ltr'><strong>Deum,</strong></span> <span class='ocrx_word' id='word_1_288' title='bbox 568 3640 674 3693; x_wconf 90' lang='lat' dir='ltr'><strong>euntes</strong></span> <span class='ocrx_word' id='word_1_289' title='bbox 697 3652 735 3694; x_wconf 87' lang='lat' dir='ltr'><strong>ae</strong></span> <span class='ocrx_word' id='word_1_290' title='bbox 755 3632 891 3693; x_wconf 89' lang='lat' dir='ltr'><strong>ridentes</strong></span> <span class='ocrx_word' id='word_1_291' title='bbox 912 3634 944 3691; x_wconf 92' lang='lat' dir='ltr'><strong>in</strong></span> <span class='ocrx_word' id='word_1_292' title='bbox 965 3632 1030 3713; x_wconf 88' lang='lat' dir='ltr'><strong>his,</strong></span> <span class='ocrx_word' id='word_1_293' title='bbox 1057 3634 1089 3691; x_wconf 90' lang='lat' dir='ltr'><strong>in</strong></span> <span class='ocrx_word' id='word_1_294' title='bbox 1112 3633 1222 3711; x_wconf 83' lang='lat' dir='ltr'><strong>quibus</strong></span> <span class='ocrx_word' id='word_1_295' title='bbox 1244 3636 1291 3695; x_wconf 88' lang='lat' dir='ltr'><strong>illi</strong></span> 
     </span>
    </p>
   </div>
   <div class='ocr_carea' id='block_1_11' title="bbox 366 3713 1380 3798">
    <p class='ocr_par' dir='ltr' id='par_1_11' title="bbox 366 3713 1380 3798">
     <span class='ocr_line' id='line_1_39' title="bbox 366 3713 1380 3798; baseline 0.002 -22"><span class='ocrx_word' id='word_1_296' title='bbox 366 3718 499 3798; x_wconf 81' lang='lat' dir='ltr'><strong>plorant.</strong></span> <span class='ocrx_word' id='word_1_297' title='bbox 533 3717 610 3776; x_wconf 85' lang='lat' dir='ltr'><strong>Mira</strong></span> <span class='ocrx_word' id='word_1_298' title='bbox 632 3714 866 3775; x_wconf 89' lang='lat' dir='ltr'><strong>dissimilitudo!</strong></span> <span class='ocrx_word' id='word_1_299' title='bbox 890 3732 968 3793; x_wconf 90' lang='lat' dir='ltr'><strong>qnae</strong></span> <span class='ocrx_word' id='word_1_300' title='bbox 989 3713 1061 3776; x_wconf 89' lang='lat' dir='ltr'><strong>illos</strong></span> <span class='ocrx_word' id='word_1_301' title='bbox 1083 3714 1198 3795; x_wconf 84' lang='lat' dir='ltr'><strong>gaudio</strong></span> <span class='ocrx_word' id='word_1_302' title='bbox 1223 3717 1289 3777; x_wconf 88' lang='lat' dir='ltr'><strong>affi-</strong></span> <span class='ocrx_word' id='word_1_303' title='bbox 1379 3752 1380 3765; x_wconf 43' lang='grc' dir='ltr'>ι</span> 
     </span>
    </p>
   </div>
   <div class='ocr_carea' id='block_1_12' title="bbox 366 3796 1290 3879">
    <p class='ocr_par' dir='ltr' id='par_1_12' title="bbox 366 3796 1290 3879">
     <span class='ocr_line' id='line_1_40' title="bbox 366 3796 1290 3879; baseline 0.002 -20"><span class='ocrx_word' id='word_1_304' title='bbox 366 3802 459 3879; x_wconf 82' lang='lat' dir='ltr'><strong>aiunt,</strong></span> <span class='ocrx_word' id='word_1_305' title='bbox 481 3800 538 3859; x_wconf 85' lang='lat' dir='ltr'><strong>hos</strong></span> <span class='ocrx_word' id='word_1_306' title='bbox 561 3798 687 3877; x_wconf 90' lang='lat' dir='ltr'><strong>dolore,</strong></span> <span class='ocrx_word' id='word_1_307' title='bbox 719 3798 850 3877; x_wconf 85' lang='lat' dir='ltr'><strong>fatigant</strong></span> <span class='ocrx_word' id='word_1_308' title='bbox 880 3814 949 3856; x_wconf 86' lang='lat' dir='ltr'><strong>eum</strong></span> <span class='ocrx_word' id='word_1_309' title='bbox 978 3799 1039 3858; x_wconf 88' lang='lat' dir='ltr'><strong>sint</strong></span> <span class='ocrx_word' id='word_1_310' title='bbox 1061 3796 1181 3860; x_wconf 85' lang='lat' dir='ltr'><strong>eadem.</strong></span> <span class='ocrx_word' id='word_1_311' title='bbox 1226 3800 1290 3861; x_wconf 84' lang='lat' dir='ltr'><strong>Sed</strong></span> 
     </span>
    </p>
   </div>
   <div class='ocr_carea' id='block_1_13' title="bbox 366 3880 1380 4045">
    <p class='ocr_par' dir='ltr' id='par_1_13' title="bbox 366 3880 1380 4063">
     <span class='ocr_line' id='line_1_41' title="bbox 366 3880 1380 3963; baseline 0.004 -22"><span class='ocrx_word' id='word_1_312' title='bbox 366 3900 588 3961; x_wconf 88' lang='lat' dir='ltr'><strong>prosequamur</strong></span> <span class='ocrx_word' id='word_1_313' title='bbox 610 3880 855 3948; x_wconf 85' lang='lat' dir='ltr'><strong>exhortationem</strong></span> <span class='ocrx_word' id='word_1_314' title='bbox 878 3887 910 3942; x_wconf 86' lang='lat' dir='ltr'><strong>et</strong></span> <span class='ocrx_word' id='word_1_315' title='bbox 925 3900 982 3961; x_wconf 93' lang='lat' dir='ltr'><strong>pro</strong></span> <span class='ocrx_word' id='word_1_316' title='bbox 1003 3880 1127 3944; x_wconf 90' lang='lat' dir='ltr'><strong>rudibus</strong></span> <span class='ocrx_word' id='word_1_317' title='bbox 1135 3882 1289 3963; x_wconf 67' lang='lat' dir='ltr'><strong>&#39;regulam</strong></span> <span class='ocrx_word' id='word_1_318' title='bbox 1379 3890 1380 3945; x_wconf 67' lang='grc' dir='ltr'>ἰ</span> 
     </span>
     <span class='ocr_line' id='line_1_42' title="bbox 367 3961 1290 4045; baseline 0.012 -23"><span class='ocrx_word' id='word_1_319' title='bbox 367 3964 570 4045; x_wconf 84' lang='lat' dir='ltr'><strong>assignemus,</strong></span> <span class='ocrx_word' id='word_1_320' title='bbox 592 3971 625 4025; x_wconf 88' lang='lat' dir='ltr'><strong>et</strong></span> <span class='ocrx_word' id='word_1_321' title='bbox 644 3964 761 4027; x_wconf 88' lang='lat' dir='ltr'><strong>motiva</strong></span> <span class='ocrx_word' id='word_1_322' title='bbox 783 3961 940 4031; x_wconf 80' lang='lat' dir='ltr'><strong>tradamus</strong></span> <span class='ocrx_word' id='word_1_323' title='bbox 961 3962 1234 4030; x_wconf 83' lang='lat' dir='ltr'><strong>adeonfideudum</strong></span> <span class='ocrx_word' id='word_1_324' title='bbox 1257 3968 1290 4033; x_wconf 86' lang='lat' dir='ltr'><strong>iu</strong></span> 
     </span>
    </p>
   </div>
   <div class='ocr_carea' id='block_1_14' title="bbox 0 0 1542 4750">
    <p class='ocr_par' dir='ltr' id='par_1_14' title="bbox 0 0 1542 4750">
     <span class='ocr_line' id='line_1_43' title="bbox 0 0 1542 4750; baseline 0 1"><span class='ocrx_word' id='word_1_325' title='bbox 0 0 1542 4750; x_wconf 95' lang='lat' dir='ltr'><strong> </strong></span> 
     </span>
    </p>
   </div>
  </div>
 </body>
</html>
