3075 4750
578 509 581 517 ¹
610 511 635 550 a
656 495 726 552 1515
744 495 840 550 herlu.
1136 491 1179 562 69

172 695 178 718 ι
258 666 359 762 placet
379 665 461 743 Deo,
485 669 516 725 et
534 663 706 743 id'nolunt,
728 664 812 744 qnod
833 666 900 724 vult
911 663 1008 741 Dens,
1029 683 1098 724 oum
1115 684 1178 725 ons

259 751 310 810 nia
330 747 409 810 fiant
430 749 591 809 voluntate
612 749 679 826 Dei,
703 767 795 827 quam
817 755 928 828 optant
947 768 1011 808 non
1034 767 1119 826 esse,
1141 767 1179 808 ac

257 851 312 916 per
333 833 396 892 hoe
418 831 513 892 corde
534 838 606 890 sunt
626 831 848 892 maledicentes
870 838 902 891 et
918 831 1178 928 blasphemantes.

339 914 444 994 Quare
480 913 721 994 respondeamus
756 914 797 974 ad
831 916 1063 993 quaestionem,
1096 915 1179 993 qnod

256 997 339 1059 aliud
362 1005 411 1058 est
398 997 532 1058 horror
542 998 611 1074 Der,
634 997 716 1058 aliud
731 998 833 1058 timor.
874 998 981 1058 Timor
994 1004 1042 1058 est
1062 997 1178 1061 fructus

257 1081 381 1159 amoris,
403 1081 513 1141 horror
534 1088 636 1140 antem
660 1081 856 1141 seminarium
883 1081 956 1142 odii.
997 1081 1072 1141 Ideo
1093 1083 1178 1142 Dens

257 1183 319 1226 non
348 1164 442 1224 debet
469 1164 604 1241 horreri,
634 1163 698 1224 sed
716 1165 831 1241 timeri,
858 1183 898 1224 ne
925 1164 999 1225 odic
1020 1164 1178 1243 habeatnr,

258 1249 307 1328 qui
330 1247 426 1308 debet
446 1248 551 1308 amari.
594 1247 804 1324 Namnetum,
825 1253 859 1306 ut
878 1247 951 1326 dixi,
973 1247 1109 1308 horroris
1131 1255 1179 1308 est

256 1331 373 1412 fugere,
395 1330 491 1410 odire,
505 1330 673 1390 abominari
688 1333 737 1407 *),
760 1330 934 1410 asperhcc
954 1330 1179 1411 blasphemare,

256 1414 455 1492 maledicere,
479 1420 586 1492 optare
608 1431 670 1474 non
693 1432 773 1473 esse.
816 1413 906 1474 Unde
927 1414 1020 1473 timor
1036 1415 1093 1473 Dei
1114 1434 1177 1474 me-

255 1498 312 1556 lius
333 1499 382 1558 int
369 1497 559 1578 telligeretur
580 1498 761 1568 reverentia,
786 1503 819 1556 ut
840 1503 926 1576 patet
946 1498 978 1555 in
991 1497 1177 1576 hominibus,

257 1599 332 1660 qnos
349 1599 499 1657 amamus,
522 1579 662 1656 colimus,
685 1581 894 1656 aestimamus,
916 1581 1059 1639 timemus
1081 1578 1176 1640 offen·

256 1663 337 1726 dere
383 1663 497 1723 Verum
518 1661 579 1723 hoc
600 1668 648 1722 est
661 1663 853 1742 impossibile
876 1663 914 1740 ei,
937 1663 988 1742 qui
1005 1661 1087 1722 aliud
1109 1661 1176 1722 dili-

255 1741 307 1827 git,
330 1765 423 1826 quam
437 1746 546 1806 Deum.
589 1745 667 1804 Nam
689 1745 761 1806 hnic
781 1747 879 1806 amori
901 1747 1003 1805 nitens
1025 1752 1056 1806 et
1076 1745 1176 1807 fidens

256 1849 381 1891 securus
409 1829 469 1888 ruit
496 1829 673 1889 necessario
699 1830 731 1888 ιιι
753 1829 929 1907 horrorem,
957 1848 1026 1888 oum
1055 1829 1118 1890 tale
1146 1831 1175 1889 ci

255 1913 456 1974 subtrahitur:
480 1912 559 1971 sicut
571 1911 682 1972 domus
703 1931 796 1993 snper
808 1931 934 1972 arenam
953 1911 1111 1973 lundata
1102 1932 1175 1972 rrru·
1277 1969 1280 1976 .

255 1996 376 2057 entibus
407 1995 512 2075 pluvia
544 2001 709 2073 ventoque.
752 1995 837 2076 Ergo
867 1996 918 2074 qui
949 1996 1038 2055 limet
1064 1995 1174 2073 Deum,

254 2081 272 2138 i.
294 2099 321 2139 e.
346 2079 399 2157 qui
421 2083 576 2138 reveretur
597 2079 712 2156 Deum,
742 2078 793 2139 hic
819 2079 894 2138 lacit
915 2078 1014 2159 bona,
1043 2097 1105 2139 non
1128 2085 1177 2138 est

253 2161 432 2240 timendum,
454 2160 538 2240 quod
560 2161 654 2221 faciat
675 2161 766 2222 mala.
809 2161 880 2222 Non
901 2164 1006 2240 itaque
1027 2161 1111 2222 Deus
1140 2163 1176 2220 ti-

253 2244 383 2305 mendus
407 2249 454 2304 est
470 2245 548 2304 sicut
560 2251 668 2323 tortor,
690 2251 743 2305 aut
763 2263 937 2324 permissor,
959 2250 1014 2304 aut
1024 2244 1175 2321 diabolus,

252 2334 304 2389 aut
330 2327 477 2390 infernus.
520 2327 728 2389 Veruntamen
756 2329 824 2389 sine
849 2329 950 2408 gratis
978 2347 1041 2388 non
1070 2334 1175 2407 potest

253 2432 290 2471 ex
311 2419 424 2483 natura
445 2409 534 2472 aliter
555 2412 665 2489 timeri,
688 2418 721 2471 ut
731 2418 817 2491 pate
805 2411 869 2471 ιἰιι
891 2410 1013 2471 Adamo
1035 2410 1171 2490 fugiente

252 2501 283 2555 et
310 2514 382 2555 sese
409 2492 655 2555 abscondente'
647 2514 679 2554 ιιι
711 2494 872 2574 paradiso,
903 2494 966 2554 hoc
994 2500 1096 2553 antem
1125 2499 1173 2553 est
1257 2562 1261 2590 Ι

252 2578 400 2639 horribile
423 2576 565 2638 omnibus
588 2578 747 2657 separatis.

333 2662 416 2721 Hinc
436 2660 749 2741 scripturadnplicem
768 2662 907 2721 continet
921 2635 1064 2721 timorem
1084 2678 1171 2720 sanc

251 2755 324 2805 tum.
370 2744 483 2803 Psalm.
499 2745 552 2807 18:
575 2744 680 2804 Timor
700 2744 825 2805 Domini
846 2750 971 2804 sanctus
986 2761 1173 2824 permanens

250 2828 280 2886 in
303 2827 442 2887 seculum
463 2826 621 2906 seculi,
612 2846 633 2887 1.
656 2846 683 2888 e.
706 2828 879 2887 reverentia
900 2828 966 2887 Dei.
1010 2826 1062 2887 Sic
1088 2828 1170 2886 eninr

252 2916 387 2970 tremunt
409 2910 555 2989 elangeli
578 2916 802 2990 etpotsstates.
843 2909 888 2970 Id.
909 2910 958 2969 Ps.
977 2913 1053 2974 110:
1079 2897 1172 2970 Sada·

252 2998 314 3053 tum
338 2998 405 3053 ett
392 2992 527 3053 terribile
549 3010 663 3052 nomen
686 2994 767 3071 eius,
797 2993 879 3072 quod
909 2992 995 3053 addit
1021 2999 1171 3066 sanctum,
1209 3022 1213 3048 ι

251 3075 391 3137 excludit
412 3074 546 3135 terribile
566 3076 737 3155 profanum,
761 3094 822 3154 quo
844 3077 981 3137 tremitur
1002 3075 1077 3136 odio
1099 3094 1171 3136 con·

252 3160 356 3220 trsrio.
402 3157 454 3219 Sic
474 3157 586 3218 Psalm.
608 3161 644 3220 2:
667 3158 933 3219 ServiteDcmiuo
954 3161 987 3219 in
1009 3158 1120 3219 timore
1141 3165 1175 3219 et

252 3242 406 3303 exsultate
428 3242 456 3301 ei
478 3260 546 3301 oum
570 3246 712 3301 tremore.
754 3242 892 3302 Vocatur
912 3248 1014 3302 autem
1037 3248 1171 3320 sanctus,

251 3326 321 3405 quia
354 3322 526 3384 sanctificat
555 3331 587 3384 et
613 3324 809 3403 purissimum
840 3325 914 3385 facit
935 3326 1109 3403 hominem,
1139 3332 1174 3384 ut

196 3458 204 3485 ,
250 3408 324 3468 nihil
351 3426 477 3487 prorsus
504 3408 626 3485 cupiat,
658 3406 740 3486 quod
775 3410 862 3467 surim
899 3414 961 3486 est,
994 3408 1049 3468 sed
1071 3408 1171 3468 solum

250 3490 331 3570 quod
345 3490 476 3551 Deit
429 3496 485 3550 est
509 3490 567 3549 *ut
587 3490 638 3549 hio
639 3489 819 3587 quomodo
832 3511 846 3550 s
849 3497 893 3553 tet
915 3510 982 3551 cum
996 3492 1171 3565 securitate,

248 3571 318 3634 ideo
342 3592 406 3634 non
437 3574 566 3650 scimus,
586 3573 688 3651 quia
698 3592 762 3633 uon
789 3574 848 3633 nisi
878 3574 1020 3634 servilem
1053 3572 1172 3651 experti

251 3676 365 3715 sumus.
408 3654 469 3715 Dat
500 3662 602 3715 tamen
630 3656 664 3716 B.
686 3656 890 3736 Augustinus,
919 3664 953 3717 ut
973 3656 1089 3749 allegat
1110 3654 1170 3711 hla-

251 3741 360 3821 gister,
393 3738 622 3798 similitudinem
651 3738 690 3798 dc
719 3759 817 3800 uxore
848 3747 935 3800 casta
963 3745 995 3797 et
1013 3734 1170 3795 adultera·

152 3830 153 3839 ’
251 3820 339 3885 Hunc
361 3828 477 3882 vocant
499 3821 651 3901 theologi
660 3821 786 3882 filialem
809 3830 841 3895 et
860 3823 1004 3899 liberum,
1023 3817 1167 3879 servilem

304 4004 336 4073 )
357 4003 485 4059 Iocum:
506 4005 672 4061 abominari.
720 4026 723 4033 v
