3075 4750
450 470 476 518 et
494 464 637 519 volontste
654 430 776 519 hominis
790 466 855 520 sine
874 439 972 533 protis.
1042 498 1046 513 ι
1118 460 1181 530 259

483 633 749 695 Corollarinrn
781 634 964 713 sequitur.

343 712 394 774 Sie
417 712 451 773 ιιι
470 717 503 775 in
526 716 764 797 temporalibus,
792 718 864 797 quis
892 715 975 777 bono
998 714 1180 794 temporalis

261 796 331 857 ideo
355 796 465 857 dentur
485 819 505 859 o
525 800 603 877 Deo,
625 808 658 859 ut
679 819 734 879 per
748 800 895 861 esDeum
912 798 1011 877 magis
1027 796 1181 860 diseamus

260 879 379 956 oolere,
413 900 516 941 amore
546 888 577 943 et
603 902 742 962 sperare,
773 883 847 943 vitio
860 882 968 942 nostri
989 879 1116 941 effeetus
1138 877 1181 957 fit,

260 969 291 1021 nt
313 960 466 1025 difficilius
482 966 641 1035 ⁴et‘minus
665 965 784 1026 eolntur
807 972 838 1025 et
859 972 997 1043 speretur
1018 964 1050 1023 in
1071 963 1182 1042 ipsum,

260 1046 322 1104 imo
358 1045 476 1105 lsoilius
508 1054 539 1108 et
571 1049 668 1127 magis
706 1048 844 1112 adversis
878 1045 1066 1126 temporibus
1099 1045 1182 1105 Deus

261 1128 416 1207 quaeritur
437 1135 469 1189 et
490 1131 619 1207 colitur,
640 1150 679 1189 oo
699 1132 729 1190 in
753 1132 854 1210 ipsum
876 1136 1016 1209 speratur
1037 1146 1128 1207 quem
1150 1128 1182 1188 in
1256 1161 1261 1165 ·

260 1212 427 1290 prosperis.
471 1214 516 1273 lto
535 1212 571 1273 fit
590 1214 622 1273 in
649 1213 874 1293 spiritualibus,
901 1211 984 1291 qnod
1011 1210 1095 1271 bone
1115 1229 1182 1291 gree

262 1294 323 1353 tine
347 1296 510 1355 etmerite
530 1296 683 1357 donentur
704 1317 724 1356 ι
744 1297 823 1374 Ded,
845 1302 879 1355 ut
900 1314 956 1376 per
976 1314 1015 1355 eo
1035 1294 1065 1353 in
1084 1294 1182 1353 Deum

260 1396 385 1456 sperare
408 1380 505 1459 magis
527 1378 711 1455 doceamur,
740 1385 785 1447 et.
798 1397 871 1439 eeoe
902 1378 975 1438 vitio
1002 1374 1128 1437 effeetus
1151 1378 1182 1437 in

260 1460 313 1519 ille
325 1463 550 1539 praesumentis
564 1461 608 1538 fir,
631 1468 664 1522 ut
679 1460 831 1525 diffieilior
854 1467 885 1521 et
908 1462 1008 1520 minus
1030 1460 1061 1519 in
1081 1460 1183 1538 ipsum

260 1549 414 1622 speretur,
436 1545 499 1605 imo
524 1544 598 1605 nihil
619 1546 649 1603 in
672 1564 741 1604 eum
765 1552 913 1624 speretur,
936 1543 989 1603 sed
1010 1541 1129 1602 facilius
1151 1544 1182 1602 in
1202 1560 1206 1565 ·

260 1627 397 1706 peooatis
425 1627 478 1705 sit,
511 1647 635 1707 sperare
657 1628 688 1686 in
711 1628 826 1703 Deum,
859 1634 891 1688 et
920 1627 1011 1687 tutius
1037 1644 1128 1705 quom
1151 1626 1183 1685 in

262 1710 378 1770 meritis
400 1704 553 1771 et‘bonis.
595 1710 637 1770 m
656 1711 702 1771 sio
724 1711 928 1790 periculosum
947 1715 1003 1787 est,
1026 1708 1182 1768 hominem

261 1793 293 1857 in
313 1793 472 1871 prosperis
493 1792 679 1871 derelinqui,
708 1794 781 1873 quio
802 1813 866 1853 non
888 1792 978 1853 discit
997 1790 1097 1851 Deum
1118 1788 1183 1852 dili-

260 1894 346 1955 gere,
368 1882 421 1935 eut
443 1876 596 1937 rarissime
618 1883 649 1935 et
670 1874 849 1936 diffieillime
871 1876 975 1953 discit,
996 1876 1040 1936 ιιι
1057 1881 1088 1935 ιι
1102 1894 1184 1951 pune

260 1958 467 2037 periculosum
490 1967 552 2035 est,
573 1959 729 2020 hominem
751 1960 782 2020 in
812 1959 913 2020 multis
941 1958 1046 2038 gratiis
1069 1965 1100 2019 et
1122 1977 1182 2019 me·

259 2042 324 2101 ritis
346 2060 444 2119 usque
465 2040 505 2101 ed
528 2049 657 2103 mortem
683 2042 830 2121 relinqui,
858 2043 931 2122 quis
953 2043 1005 2101 vix
1033 2041 1132 2103 disoet
1151 2042 1182 2103 in

261 2124 360 2185 Deum
387 2142 527 2204 sperare,
566 2126 624 2185 nisi
659 2124 856 2203 difficillime,
889 2126 951 2185 imo
979 2125 1046 2185 siue
1076 2126 1182 2204 spiritu

261 2224 466 2285 nequequam.

345 2288 406 2349 Sed
429 2309 468 2349 ne
511 2291 557 2350 uis
585 2288 721 2351 offendet
747 2291 779 2349 in
805 2290 852 2349 his
881 2289 997 2367 verbis,
1026 2289 1182 2350 obiioitnr:

261 2372 344 2454 Ergo
367 2309 558 2452 peooondum
582 2381 682 2436 estet
711 2372 794 2436 bono
821 2372 1007 2449 omittendo,
1039 2374 1123 2449 sive,
1152 2378 1185 2432 ut

262 2457 299 2516 ab
320 2455 468 2536 opostdlo
492 2456 706 2518 obiieiebetur:
730 2457 878 2516 laniamus
900 2456 990 2532 mols,
1013 2463 1047 2514 ut
1060 2456 1185 2516 veniant
1217 2527 1225 2544 x

261 2538 354 2602 bono.
401 2538 546 2600 Videmur
568 2541 648 2603 enim
672 2542 718 2599 sio
739 2539 878 2601 dieentes
901 2537 1049 2619 peooondi
1064 2539 1185 2598 veniam

260 2623 389 2702 operire,
412 2631 445 2681 et
460 2621 541 2682 bono
563 2623 725 2701 prohibere
753 2623 838 2688 velut
867 2623 963 2682 noxie
983 2621 1022 2682 ed
1044 2621 1184 2683 salutem.

259 2705 355 2785 igitur
376 2711 410 2764 ιιι
432 2724 508 2765 sane
528 2704 606 2766 hoen
628 2705 847 2784 intelligentur,
869 2705 1061 2784 respondeo:
1097 2705 1185 2766 Bone
1273 2709 1283 2732 ²

261 2805 359 2868 opera
381 2806 444 2846 non
467 2788 681 2866 prohibentur,
715 2787 769 2848 sed
793 2806 884 2867 quom
908 2788 1041 2848 maxime
1062 2806 1184 2866 persus

261 2870 371 2932 dentur
392 2871 458 2930 istis
480 2870 597 2947 verbis,
625 2871 679 2932 sed
709 2871 795 2932 solus
825 2871 877 2930 ille
905 2871 1034 2932 effeetus
1055 2869 1185 2931 subtilis-

260 2955 337 3014 sime
359 2953 508 3029 oornolis,
541 2955 592 3032 qui
618 2955 684 3015 istis
714 2953 858 3034 operibus
888 2953 1035 3031 conlidit,
1069 2961 1101 3014 et
1122 2973 1184 3014 non
1246 2980 1259 2988 ·

260 3037 289 3096 in
318 3035 434 3097 nudem
465 3032 703 3097 misericordiam
732 3037 804 3114 Dei,
847 3035 1034 3098 erudiendus
1064 3045 1135 3113 est,
1153 3043 1186 3096 ut

260 3121 352 3197 sciet,
388 3117 472 3197 quod
500 3138 573 3188 ,vere
601 3140 672 3199 spes
702 3141 763 3180 non
799 3120 838 3180 sit
864 3120 920 3180 nisi
952 3121 1052 3180 inlusa
1081 3121 1184 3180 virtus.

261 3202 411 3263 Omnibus
446 3201 535 3262 bonis
564 3203 707 3282 operibus
735 3212 766 3262 et
787 3202 895 3263 studiis
918 3202 948 3264 id
976 3201 1184 3282 quaerendum

261 3293 315 3363 est,
339 3292 374 3344 ut
395 3283 484 3344 uobis
506 3304 577 3364 spes
599 3307 618 3344 a
640 3286 707 3346 Deo
734 3287 931 3366 impetretur,
961 3296 994 3347 ut
1016 3287 1184 3354 miseridor-

261 3369 309 3429 (ιιι
338 3367 425 3448 digni
453 3367 638 3445 efficiamur,
676 3389 738 3434 non
767 3376 800 3429 ut
828 3369 894 3428 istis
924 3369 1068 3448 operibus
1096 3367 1184 3428 leolis

262 3471 332 3514 mox
356 3469 444 3531 spem
466 3469 642 3530 possessam
664 3471 721 3512 nos
743 3452 857 3512 hahere
870 3469 1110 3531 praesumemus,
1128 3448 1184 3510 sed

262 3554 382 3614 semper
404 3533 588 3611 isoiendum,
610 3535 818 3613 quaerendum
832 3537 974 3597 solemus.
1006 3533 1079 3595 ldeo
1103 3533 1184 3594 enirn
1298 3597 1301 3614 ,

262 3626 308 3680 est
326 3623 513 3698 peecatum,
534 3624 567 3676 ut
589 3618 619 3678 in
642 3619 778 3696 peoeetis
807 3618 870 3696 opti
899 3617 938 3676 od
961 3635 1048 3696 spem
1071 3616 1183 3692 simus,

263 3701 314 3761 sed
336 3700 587 3781 sgnosoendurn,
617 3700 700 3780 quod
732 3699 956 3780 quantumlibet
978 3699 1091 3760 bonnm
1112 3717 1184 3776 ope-

262 3804 362 3844 romnr
383 3802 506 3862 semper
527 3784 558 3842 in
572 3785 709 3862 peooetis
738 3802 853 3845 sumus.
897 3781 955 3842 Ubi
977 3787 1079 3840 sutem
1102 3779 1184 3842 bono

262 3868 325 3926 vite
344 3873 416 3927 ento
437 3886 500 3927 non
521 3865 626 3944 fuerit,
649 3873 697 3930 est
717 3862 994 3946 quidem-diffinile,
1017 3862 1064 3923 his
1081 3868 1183 3923 sutem

261 3949 424 4012 difficilius.
467 3950 561 4032 lgitnr
586 3949 656 4012 sole
682 3956 779 4012 rostot
799 3948 917 4027 oratio,
948 3953 981 4008 ut
1008 3945 1183 4028 desperatio
