3075 4750
352 499 395 568 ω
673 501 826 555 mone·
848 499 960 556 neam
1056 463 1060 468 ’

350 676 418 755 ipse
440 674 522 733 enlm
544 670 741 754 praedieatur
759 671 851 736 nobis
873 673 905 731 in
926 671 1139 732 remissionem
1161 683 1270 750 poeta

348 764 459 820 torum.
496 753 537 814 Et
557 754 701 834 equidem
721 753 871 816 hebemus
893 752 1077 815 tenemium
1098 753 1271 814 inaestima-

349 840 419 918 bile,
444 836 528 917 quod
548 838 629 898 sieut
650 834 788 898 Christos
810 855 865 918 per
885 837 1062 917 passionem
1081 837 1164 897 vioto
1179 835 1272 897 laone

348 922 474 982 intrivit
491 919 667 1001 ingloriam
681 928 714 980 et
735 919 774 980 de
796 919 979 981 comedente
1000 920 1098 981 ltetne
1121 924 1169 979 est
1186 918 1272 979 aibas

348 1020 507 1085 egressus,
542 1005 586 1063 ita
607 1010 639 1064 et
659 1002 750 1064 nobis
772 1003 873 1064 omnis
895 1004 1069 1082 perseeutio
1098 1008 1146 1062 est
1177 1001 1271 1080 utilie4

348 1086 455 1165 etqui
475 1104 535 1146 nos
558 1084 689 1148 devorat
709 1093 741 1146 et
762 1085 907 1159 eomedit,
928 1086 955 1145 si
975 1086 1107 1146 vivimus
1124 1101 1182 1166 per
1200 1101 1272 1164 peo-

349 1175 461 1248 oatnm,
497 1168 689 1250 egrediemur
715 1175 748 1229 et
773 1183 831 1229 nos
863 1169 944 1230 vieto
974 1167 1067 1230 leone
1099 1174 1131 1228 et
1157 1168 1272 1228 erimus

348 1253 435 1312 avus
457 1251 557 1312 mellis
578 1252 646 1315 Deo
669 1258 703 1312 et
721 1251 852 1332 angelis,
882 1252 954 1330 qnia
973 1252 1075 1312 omnis
1168 1249 1271 1310 enutio

348 1339 494 1415 operatur
519 1336 550 1394 in
578 1335 669 1397 nobie
697 1333 944 1395 consolationem
975 1335 1065 1394 utin
1115 1333 1217 1394 salmo
1236 1333 1272 1395 4:

347 1417 383 1477 ln
404 1415 603 1479 tribulatione
625 1417 760 1478 dilatasti
782 1416 866 1495 mihi,
889 1423 922 1476 et
941 1417 990 1477 Pa.
1011 1419 1066 1481 93:
1095 1415 1150 1477 sed
1172 1415 1272 1476 maid

348 1499 484 1561 tudinem
513 1499 656 1561 dolorum
676 1517 817 1564 meorum
838 1501 870 1560 in
893 1499 986 1561 eorde
1005 1517 1077 1561 meo
1100 1505 1160 1560 eto.
1186 1496 1271 1579 Ergo

348 1585 374 1643 si
396 1582 531 1644 delectat
554 1589 589 1644 te
616 1583 705 1645 favus
731 1581 848 1661 mellis,
885 1599 949 1642 non
976 1588 1089 1643 tameat
1109 1599 1146 1643 os
1169 1597 1271 1642 come·

335 1666 459 1746 ‘dentia
480 1672 599 1726 tentem
621 1673 679 1745 est,
701 1673 737 1726 ut
757 1664 884 1726 oooidas
905 1664 1039 1744 leonem,
1068 1663 1152 1744 quod
1174 1664 1271 1727 saera
1383 1687 1384 1742 j

348 1764 403 1829 per
439 1749 631 1829 patientiam.
682 1747 735 1810 Sie
768 1748 903 1808 neeoitnr
938 1747 1083 1829 gardim
1112 1745 1153 1808 de
1180 1748 1271 1807 tristia
1383 1787 1384 1830 ᾗ

347 1833 400 1911 tia,
422 1850 485 1913 pax
505 1833 716 1893 ooneoientise
732 1831 773 1891 de
789 1833 1004 1910 perseeutione
1021 1831 1170 1912 eorporis,
1191 1831 1272 1890 siout

346 1916 428 1974 enim
446 1915 556 1976 merita
574 1921 718 1975 enesaunt
735 1915 767 1974 in
785 1913 991 1994 tribulatione,
1012 1915 1056 1974 ita
1069 1920 1101 1974 et
1114 1911 1271 1994 gaudium.

203 2077 213 2086 .
288 2063 292 2068 .
346 1997 503 2058 lloraliter
524 2005 627 2057 eutem
649 1997 689 2058 de
711 1996 896 2058 comedente
923 1998 988 2058 exit
1015 1997 1117 2075 eibos,
1145 1994 1270 2076 quando

347 2080 444 2140 lromo
460 2096 635 2141 -eonversus
656 2089 689 2141 et
707 2086 846 2162 mortuns
868 2086 1015 2160 peaeoto,
1048 2080 1099 2158 qni
1127 2077 1270 2140 eomede-

344 2162 399 2224 bat
428 2169 580 2242 stereora,
615 2165 677 2223 inm
697 2164 766 2244 ipse
787 2162 855 2222 aliis
884 2163 1035 2224 ministrat
1062 2161 1163 2224 eibum
1185 2161 1272 2223 verbi

345 2246 413 2307 Dei.
457 2243 518 2320 Qui
541 2247 624 2306 enim
648 2247 724 2308 vivit
744 2246 777 2306 in
799 2247 950 2326 peeeatis,
978 2244 1115 2308 eomedit
1136 2244 1272 2305 earnalis

346 2336 377 2391 et
399 2329 476 2394 bibit
497 2331 578 2391 siout
598 2347 710 2411 squam
731 2329 934 2409 iniquitatem,
957 2328 1012 2391 sed
1034 2330 1155 2391 ooeisus
1177 2329 1271 2390 etism

345 2414 424 2475 alios
446 2414 555 2494 pascit.
600 2413 651 2501 flio
678 2419 803 2473 sanetus
831 2412 961 2492 Paulus,
991 2414 1036 2473 sio
1062 2418 1187 2473 sanatus
1209 2414 1271 2472 Aa·

345 2497 494 2577 gostinus,
516 2496 642 2557 eioPea
664 2501 699 2561 5:
723 2494 850 2558 Doeebo
872 2496 995 2575 iniquos
1015 2496 1082 2556 vias
1103 2502 1181 2575 mes,
1204 2511 1272 2554 oum

345 2580 512 2661 praemisit,
538 2578 634 2640 redde
655 2578 804 2639 laetitiam
826 2579 900 2638 mihi
921 2578 1063 2640 salamis
1084 2579 1138 2640 tui.
1182 2576 1273 2638 Alios

346 2660 481 2724 erudiam
504 2670 536 2724 et
556 2661 763 2724 dabo-fevum
784 2661 895 2743 mellis,
917 2663 996 2723 siout
1016 2662 1099 2742 prins
1119 2676 1179 2741 ego
1193 2678 1272 2723 mor-

345 2753 421 2805 tuns·
435 2747 521 2807 tuero
543 2746 690 2825 peooatis,
710 2746 756 2804 sie
777 2751 809 2805 et
828 2762 895 2823 vos,
918 2746 944 2805 si
968 2745 1143 2805 surrexistis
1164 2760 1272 2804 seeun-

345 2828 417 2889 dum
430 2829 588 2889 hominem
608 2844 726 2889 novum
745 2833 779 2887 et
798 2829 910 2889 mortui
933 2828 1009 2889 estis
1031 2826 1199 2889 seeundum
1221 2844 1272 2889 ve—

344 2919 450 2991 terem,
472 2917 566 2973 exest
586 2910 625 2971 de
646 2910 738 2972 vobis
758 2908 845 2973 oibus
866 2918 899 2973 et
919 2909 1062 2990 dulosdo‚
1089 2910 1272 2991 etamplius

345 3012 407 3055 non
431 2992 602 3056 eomedetis
622 2993 753 3075 putrida.
787 3010 793 3017 ·

458 3274 504 3284 ¹·
626 3150 629 3154 ’
721 3156 906 3251 Sermo
975 3279 978 3287 Ι

507 3297 551 3358 in
579 3294 640 3357 die
666 3296 925 3358 visitationis
955 3295 1098 3369 Mariae

613 3420 698 3462 enno
720 3404 801 3466 1516
824 3400 998 3479 notiam)

427 3502 608 3589 Exsurgens
629 3505 726 3567 idaria
752 3505 828 3567 abiit
852 3507 883 3565 in
911 3510 1069 3569 montana.
1112 3504 1270 3568 Doctrina.

344 3586 480 3665 Quaevis
522 3596 613 3651 acute
651 3589 728 3650 vidit
761 3594 869 3649 saneta
907 3586 1068 3651 Elisabeth
1118 3590 1270 3671 virginem

344 3666 471 3733 Mariam
489 3687 561 3733 esse
582 3679 712 3733 matrem
733 3664 803 3752 Dei,
822 3673 939 3733 acutius
956 3678 1059 3734 tamen
1079 3672 1166 3755 virgo
1184 3670 1271 3752 vidit,

402 3833 434 3904 ⁸)
450 3834 507 3889 'Hie
528 3842 557 3889 et
582 3838 630 3906 qui
657 3840 810 3905 sequnntur
840 3850 984 3889 sermones
1009 3838 1131 3890 minores
1159 3836 1199 3889 nil
1217 3838 1271 3891 nisi

345 3908 465 3962 exordis
482 3909 595 3961 merant
612 3910 785 3974 oonotonnm,
806 3909 906 3976 quibus
923 3908 1058 3962 Lethaeus
1077 3906 1173 3962 dsoenr
1192 3922 1273 3977 prse-

345 3984 426 4045 cept·
440 3978 801 4051 populoWittembergensi
812 3979 911 4035 diebus
922 3982 1000 4035 fords
1012 3994 1045 4035 se
1056 3979 1203 4035 deniniois
1222 3995 1272 4035 ax·
1380 3978 1382 3983 ’
