3075 4750
371 517 433 584 308
625 569 638 586 ,
752 519 907 574 Positiones

359 683 363 688 ⁵
456 685 512 771 17)
535 685 676 748 Docendi
709 694 781 748 sunt
818 687 998 767 Christiani,
1038 686 1122 766 quod
1160 688 1299 748 ecclesia

372 772 467 832 multa
488 777 574 833 tenet
593 777 627 831 ut
648 771 818 831 catholicas
841 773 1002 849 veritates,
1026 790 1106 850 quae
1128 777 1235 832 tamen
1260 773 1298 831 si-

372 861 423 915 cut
444 873 503 915 nec
525 855 556 915 in
579 873 698 914 canone
718 853 844 933 bibliae,
865 856 909 915 ita
930 872 989 914 nec
1010 873 1029 914 a
1050 853 1234 915 doctoribus
1246 875 1298 914 an-

372 935 552 1018 tiquioribus
573 943 739 1018 ponuntur.

457 1020 514 1096 18)
537 1019 678 1080 Docendi
700 1026 771 1080 sunt
784 1019 960 1100 Christiani,
982 1019 1065 1100 quod
1079 1018 1300 1081 observantiae

372 1121 480 1164 omnes
508 1105 539 1162 in
569 1103 697 1164 materia
723 1102 812 1182 ildei,
830 1103 1038 1201 'apostolicae
1069 1103 1152 1165 sedis
1180 1103 1298 1164 iudicio

372 1183 531 1266 definitae,
559 1192 630 1246 sunt
655 1189 735 1258 inter
757 1185 926 1246 cothohoas
948 1187 1093 1246 veritates
1115 1194 1298 1268 computan-

372 1268 441 1348 dae,
463 1268 536 1329 licet
556 1270 587 1328 in
610 1287 730 1329 canone
752 1271 921 1352 scripturae
944 1287 1050 1329 sacrae
1066 1271 1298 1350 nonreperian-

372 1359 419 1412 tur
442 1353 601 1414 contineri.
1198 1356 1200 1359 '

455 1437 511 1512 19)
536 1435 677 1496 Docendi
700 1443 772 1495 sunt
788 1434 962 1514 Christiani,
987 1434 1069 1515 quod
1092 1455 1140 1515 ea,
1163 1435 1298 1516 quaede

370 1517 506 1580 tenenda
534 1517 595 1578 fide
617 1525 649 1580 et
669 1515 893 1578 haeretico‘rum
916 1518 1127 1579 confutatione
1151 1518 1297 1580 doctores

371 1601 409 1662 ab
432 1601 564 1662 ecclesia
585 1601 746 1682 approbati
769 1604 918 1662 assertive
941 1601 1147 1680 tradiderunt,
1170 1601 1247 1663 licet
1266 1604 1297 1662 in

372 1703 491 1745 canone
513 1685 681 1764 scripturae
705 1703 812 1745 sacrae
834 1704 980 1764 expresse
994 1703 1057 1744 non
1070 1685 1297 1763 contineantur,

372 1775 443 1828 sunt
464 1773 567 1828 tamen
586 1767 760 1828 huiusmodi
784 1787 889 1828 eorum
908 1768 1111 1852 scriptainter
1127 1766 1297 1829 catholicas

373 1851 518 1912 veritates
542 1851 758 1934 computanda.
850 1854 853 1859 ’

454 1935 512 2010 20)
537 1932 677 1993 Docendi
700 1941 780 1994 sunt.
793 1929 968 2012 Christiani,
992 1931 1172 2012 quodlicet
1194 1939 1297 1994 certae

372 2017 515 2076 veritates
537 2015 697 2076 absolutae
719 2013 891 2078 catholicae
913 2035 976 2076 non
994 2020 1071 2094 sint,
1101 2022 1173 2077 sunt
1194 2025 1296 2077 tamen

372 2097 570 2159 nihilominus
594 2098 777 2159 catholicam
800 2098 958 2160 veritatem
982 2101 1148 2180 sopientes.

453 2183 512 2256 21)
536 2179 676 2244 Docendi
703 2189 775 2243 sunt
804 2181 984 2262 Christiani,
1017 2181 1100 2261 quod
1128 2182 1159 2241 hi
1189 2201 1297 2244 omnes

371 2263 522 2326 haeresim
552 2265 690 2346 sapiunt,
719 2267 770 2346 qui
799 2285 886 2326 usum
915 2266 994 2346 signi
1017 2267 1114 2326 crucis
1137 2264 1245 2326 dicunt
1265 2267 1295 2324 in

372 2348 510 2410 ecclesiis
532 2366 593 2409 non
618 2347 731 2410 debere
754 2367 830 2411 esse.

283 2430 286 2437 ’
454 2431 511 2507 22)
537 2429 677 2492 Docendi
700 2437 772 2494 sunt
793 2432 967 2510 Christiani,
988 2431 1070 2512 quod
1093 2433 1199 2494 animo
1222 2432 1295 2492 deli-

371 2515 477 2576 berato
506 2516 537 2574 in
566 2512 628 2575 ilde
655 2514 830 2577 dubitantes
853 2535 909 2597 pro
931 2516 1094 2576 haereticis
1116 2521 1190 2575 sunt
1211 2534 1297 2595 aper-

371 2599 490 2658 tissime
511 2596 668 2660 censendi.
711 2608 714 2615 '
753 2607 758 2636 ¹
1119 2605 1123 2612 “

454 2680 511 2759 23)
535 2680 676 2743 Docendi
703 2690 774 2743 sunt
796 2680 975 2764 Christiani,
1008 2680 1092 2760 quod
1120 2700 1176 2762 per
1205 2700 1296 2762 pecu·

371 2765 453 2824 niam
475 2762 514 2823 ad
528 2771 641 2825 'sacros
655 2766 779 2827 ordines
793 2763 926 2826 ordinati
940 2763 1087 2825 haeretici
1101 2765 1297 2844 apertissime

371 2844 505 2927 possunt
517 2846 675 2927 appellari.
732 2886 737 2893 ·

453 2926 511 3012 24)
535 2929 675 3009 Docendi
696 2937 767 2991 sunt
778 2928 951 3009 Christiani,
973 2930 1056 3011 quod
1074 2948 1184 2991 omnes
1203 2932 1296 3011 scrip·

371 3020 468 3073 turam
491 3032 610 3075 sacram
634 3014 730 3091 male,
759 3020 790 3074 et
811 3032 890 3093 non,
919 3022 953 3074 ut
974 3033 1083 3074 sensus
1105 3015 1207 3075 sancti
1230 3012 1295 3094 Spi-

370 3096 444 3156 ritus
473 3095 636 3177 efflagitat,
669 3118 689 3158 a
717 3116 778 3177 quo
808 3098 921 3177 scripta
950 3089 1012 3176 es't,
1044 3098 1296 3177 interpretantes,

371 3179 517 3239 haeretici
538 3182 708 3241 rectissime
730 3179 879 3261 appellari
901 3185 1041 3260 possunt.

453 3264 512 3334 25)
536 3260 676 3323 Docendi
704 3271 775 3323 sunt
802 3260 979 3341 Christiani,
1014 3260 1097 3342 quod
1126 3263 1152 3321 is
1185 3264 1296 3323 merito

370 3344 542 3407 haereticus
577 3350 625 3407 est
663 3341 826 3426 dicendus,
867 3347 918 3427 qui
956 3344 1136 3426 temporalis
1177 3345 1297 3427 gloriae

371 3430 471 3509 matio
497 3427 591 3489 falsas
623 3436 716 3509 atque
737 3448 836 3491 novos
859 3430 1022 3509 opiniones
1048 3427 1099 3489 vel
1120 3429 1224 3510 gignit
1242 3436 1297 3489 ant

372 3512 517 3590 sequitur.

452 3596 510 3670 26)
535 3593 674 3655 Docendi
696 3601 767 3655 sunt
788 3594 961 3670 Christiani,
984 3612 1093 3655 omnes
1115 3614 1171 3655 eos
1194 3596 1297 3655 iustis·

370 3668 446 3737 sime
463 3678 646 3739 'haereticos
675 3674 842 3758 appellari,
876 3678 927 3758 qui
948 3676 1110 3741 Romanae
1141 3677 1297 3739 ecclesiae

369 3760 580 3842 privilegium,
616 3760 654 3822 ab
692 3762 759 3841 ipso
788 3778 908 3836 summo
932 3762 1068 3821 omnium
1091 3758 1296 3821 ecclesiarum

370 3844 471 3922 capite
493 3843 647 3921 traditum,
670 3841 790 3904 auferre
813 3850 973 3906 conantur.

453 3927 511 4000 27)
537 3926 678 3987 Docendi
707 3933 779 3986 sunt
805 3924 984 4005 Christiani,
1020 3925 1297 4006 (1661286616-

369 4024 440 4065 nam
464 4007 641 4087 ecclesiam,
664 4008 696 4071 B.
722 4008 877 4069 Ambrosii
899 4010 1061 4092 exemplo,
1082 4011 1114 4070 in
1139 4010 1296 4091 omnibns,
