3075 4750
348 485 410 555 332
694 487 735 545 De
754 489 928 576 mellenti·
977 493 996 523 ³

349 658 552 722 amaritudine
573 659 695 720 animae
721 675 813 738 suae,
841 657 1044 740 ponderendo
1072 662 1274 738 peccatorum
1380 652 1381 687 l

348 743 547 887 puritatem,
591 742 753 819 damnum,
777 742 991 816 toeditatem,
1034 739 1274 816 multitudinem,

370 827 461 889 einde
483 826 681 886 amissionem
704 833 851 886 aeternae
871 824 1088 902 beatitudinis,
1115 843 1154 884 ac
1172 830 1274 885 aeter·

350 928 408 975 nae
429 909 636 970 damnationis
648 907 894 988 acquisitionem,
915 908 1028 987 stelin,
1049 927 1130 986 quae
1141 911 1275 987 possunt

348 993 499 1054 tristitiam
522 998 554 1051 et
574 991 715 1053 dolorem
736 991 922 1070 ordered)

429 1075 513 1136 Haeo
547 1080 649 1135 autem
682 1074 825 1136 contritio
856 1074 930 1134 fauit
957 1072 1172 1155 hypocritam,
1210 1073 1273 1131 imo

348 1159 449 1239 magis
469 1163 683 1239 peccatorem,
711 1159 785 1237 quio
805 1157 906 1218 solum
928 1159 1039 1218 timore
1059 1156 1222 1236 praecepti
1243 1163 1275 1215 et

348 1241 458 1302 dolore
480 1241 585 1302 damni
606 1241 636 1301 id
653 1241 736 1304 laoit.
779 1240 821 1301 nt
841 1241 919 1301 tales
940 1244 1050 1301 omnes
1071 1237 1273 1318 indigneeb·
1339 1296 1344 1312 ,

348 1325 507 1386 solvuntur
529 1329 560 1384 et
579 1324 860 1398 communicantur,
894 1329 925 1382 et
949 1324 977 1382 si
1004 1321 1102 1383 libere
1122 1320 1274 1382 deberent

349 1405 487 1490 (remoto
521 1414 688 1487 praecepto
717 1414 750 1466 et
777 1407 868 1466 minis
897 1415 1088 1486 poenarum)
1120 1403 1274 1481 confiteri,

347 1498 431 1552 certe
459 1490 596 1551 dicerent
625 1489 682 1550 sibi
705 1508 768 1550 nnn
792 1488 955 1569 displicere
975 1507 1046 1548 eam
1068 1488 1163 1548 vitem
1186 1506 1273 1566 prae·

348 1575 479 1652 teritsm,
502 1592 593 1652 quam
616 1572 661 1632 sic
682 1577 835 1652 coguntur
852 1571 1016 1653 displicere
1034 1569 1187 1646 confiteri,
1209 1570 1272 1630 imo

347 1677 408 1737 quo
438 1656 536 1737 magis
561 1655 672 1716 timore
699 1672 822 1735 poenae
851 1661 885 1714 et
911 1654 1022 1716 dolore
1050 1652 1155 1714 damni
1183 1653 1271 1728 sic²)

347 1745 560 1816 conteruntur,
582 1757 620 1800 eo
649 1738 747 1818 magis
768 1744 916 1817 peccant,
946 1744 979 1798 et
1004 1735 1182 1797 afficiuntur
1209 1735 1272 1796 suis

346 1824 496 1904 peccatis,
518 1840 597 1900 quae
619 1827 786 1902 coguntur,
815 1838 877 1881 uon
899 1826 1002 1881 autem
1024 1819 1134 1880 volunt
1155 1817 1270 1894 odisse,
1374 1814 1382 1827 “

347 1905 497 1985 siquidem
528 1905 581 1965 lex
608 1910 639 1964 et
665 1904 802 1984 cognitio
833 1904 953 1983 pcccati
984 1903 1083 1982 magis
1110 1901 1272 1962 abundare

346 1989 420 2048 facit
440 1993 611 2066 peccatum,
633 1993 667 2047 ut
687 1986 848 2066 apostolus
871 1987 915 2046 ait
934 1987 1043 2046 Muta
1066 1989 1097 2049 ὁ.
1131 1984 1175 2045 Et
1194 1985 1273 2044 haee

347 2077 395 2130 est
415 2070 470 2130 ille
491 2070 645 2147 contritio,
669 2089 760 2148 quam
782 2069 840 2149 ipsi
862 2075 979 2132 vocant
1000 2073 1090 2128 extra
1110 2068 1272 2128 carimem

346 2171 409 2215 non
440 2153 638 2213 meritoriam.
689 2152 749 2211 Alii
776 2159 893 2213 vocant
917 2152 1106 2212 attritionem
1129 2151 1273 2230 proxime

346 2235 561 2316 disponentem
584 2235 623 2296 ad
646 2235 940 2314 contritionem,·sic
961 2235 1042 2294 euim
1063 2234 1124 2313 ipsi
1142 2234 1272 2312 opinen-

347 2327 406 2398 tur,
431 2337 523 2399 quem
547 2318 725 2399 opinionem
750 2336 884 2379 errorem
907 2337 967 2400 ego
988 2315 1101 2379 iudico.

428 2403 571 2464 Secundo
593 2408 718 2481 paratur
738 2420 794 2482 per
813 2403 955 2462 intuitum
978 2407 1011 2461 et
1031 2399 1270 2479 contemplatio

345 2504 415 2547 nem
438 2485 686 2567 speciosissimae
707 2484 859 2561 iustitiae,
879 2503 941 2564 qua
962 2484 1029 2562 quis
1050 2483 1082 2542 in
1103 2482 1270 2562 pulchritu-

346 2568 419 2629 dine
450 2578 491 2628 et*
510 2568 613 2648 specie
641 2568 777 2627 iustitiae
803 2568 967 2644 meditatus
989 2567 1021 2625 iu
1043 2585 1113 2626 eam
1136 2564 1273 2625 ardescit

345 2659 376 2712 et
399 2652 524 2732 rapitur,
545 2650 713 2730 incipitque
734 2668 804 2709 cum
826 2648 1041 2724 Salomone*)
1063 2647 1132 2708 fieri
1149 2654 1273 2709 amator

345 2735 524 2815 sapientise,
547 2733 631 2793 euius
653 2732 908 2812 pulchritudinem
931 2731 1067 2808 viderat,
1097 2730 1177 2791 haec
1198 2731 1273 2790 facit
1354 2777 1363 2787 .

344 2836 417 2878 vere
439 2815 661 2896 poenitentem,
683 2816 755 2894 quia
777 2835 884 2877 amore
905 2815 1040 2875 iustitiae
1060 2812 1092 2873 id
1115 2814 1208 2890 facit,
1241 2821 1273 2874 et

344 2899 375 2959 lii
408 2905 479 2958 sunt
506 2896 590 2978 digni
620 2898 825 2959 absolutione.
875 2896 1019 2977 Exempli
1046 2897 1147 2977 grstia
1172 2897 1201 2955 si
1225 2896 1272 2955 vis

344 2982 505 3061 poenitere
528 2978 567 3041 de
588 2981 722 3058 luxu-ris,
755 3000 818 3041 non
849 2982 978 3061 incipies
1001 2997 1164 3040 numerare
1185 2979 1272 3056 vitio,

345 3063 520 3142 foeditates,
542 3063 763 3139 damnosius,
785 3083 856 3125 uem
878 3064 958 3124 irasc
979 3082 1043 3125 non
1065 3061 1117 3123 diu
1139 3062 1196 3123 tibi
1217 3061 1271 3121 du·
1380 3087 1381 3090 ¹

343 3145 464 3223 rabunt,
474 3143 505 3229 ³)
531 3164 622 3226 quum
646 3148 686 3207 sit
706 3147 845 3209 violenta
864 3147 1025 3223 contritio,
1057 3165 1097 3204 ex
1125 3145 1155 3203 vi
1182 3164 1271 3224 prae

238 3289 246 3305 ,
345 3230 427 3310 cepti
448 3228 540 3307 facta,
563 3228 616 3289 sed
639 3229 766 3290 intende
786 3230 818 3289 in
839 3231 975 3309 speciem
993 3228 1152 3303 eastitatis,
1174 3237 1274 3306 etque

344 3312 382 3373 ed
407 3311 573 3373 commoda
594 3312 659 3373 eius
680 3312 905 3392 pulcherrima,
936 3318 971 3372 ut
996 3312 1065 3391 ipsa
1085 3308 1141 3371 tibi
1161 3310 1273 3370 intime

343 3396 475 3475 placeat.
521 3394 631 3456 Sic-de
652 3394 795 3455 omnibns
817 3394 884 3458 eliis
907 3393 1081 3455 virtutibus,

427 3476 487 3539 Sed
510 3477 561 3537 liic
583 3476 690 3557 regula
710 3472 780 3538 talis
804 3476 943 3539 notanda
960 3483 1016 3554 est,
1040 3474 1123 3555 quod
1141 3476 1273 3535 intuitus

343 3562 487 3621 virtutum
509 3558 545 3621 fit
566 3559 742 3640 dupliciter,
774 3560 977 3637 abstractive,
1005 3578 1059 3620 seu
1082 3578 1138 3638 per
1158 3578 1209 3636 se,
1240 3566 1274 3619 et

368 3766 430 3827 -1)
465 3744 499 3817 Iri
516 3762 558 3817 ed.
582 3766 642 3818 Jen.
671 3758 810 3819 additum:
841 3781 890 3834 spe
909 3763 1094 3817 satisfaciendi
1113 3779 1164 3831 per
1184 3725 1277 3833 opere

343 3837 424 3889 bona.
462 3835 494 3903 2)
515 3836 544 3887 ln
565 3837 609 3891 ed.
631 3840 700 3907 orig¹
724 3853 749 3889 e.
772 3838 841 3893 1519
862 3837 957 3889 deest:
976 3837 1025 3915 sic.
1062 3834 1095 3904 3)
1116 3829 1203 3889 lbid.:
1224 3836 1274 3889 du·

342 3908 572 4045 rempham
595 3979 620 4033 7.
