3075 4750
609 457 644 514 ds
660 435 850 530 indulgentiis.
1125 457 1189 526 277

265 629 346 692 mine
368 625 503 690 Consilii
523 626 707 708 Tridentini,
729 628 819 689 Parte
840 627 893 705 IV,
914 626 972 688 los.
997 630 1033 705 3,
1057 647 1124 710 cap.
1147 631 1192 695 13,

265 714 389 794 p.143.
433 711 515 774 Edit.
536 711 679 775 Francos.
704 713 784 776 1599
808 710 863 786 (cf.
886 709 1016 775 Loesch.
1041 711 1103 793 Ip.
1127 714 1189 779 420

269 803 299 857 et
312 813 376 858 von
395 794 453 856 der
461 793 580 855 Hardtii
594 793 671 855 Hist.
687 793 815 857 Literar.
846 794 980 858 Reform.
992 795 1025 854 P.
1037 793 1120 876 IVp.
1137 792 1188 880 5).

349 877 515 957 Tetnelius,
537 877 590 937 ille
610 877 719 956 inquit,
741 894 805 937 non
828 882 946 937 tautum
964 895 1020 958 pro
1038 878 1190 939 concione

267 961 541 1042 impudentissimis
562 960 754 1040 praeconiis,
781 977 888 1020 verum
910 961 1003 1020 etiam
1025 979 1133 1041 sparso
1155 961 1189 1021 li-

268 1045 353 1108 bello
377 1043 521 1124 quodam,
544 1058 635 1123 quem
657 1043 853 1103 summarium
873 1043 1107 1105 instructionem
1136 1063 1190 1104 no-

269 1127 422 1207 minabat,
462 1125 721 1207 indulgentiarum
753 1144 872 1186 meroes
906 1145 962 1206 per
993 1125 1191 1188 Germaniam
1272 1122 1291 1183 “,

269 1209 398 1272 venales
418 1208 531 1289 ubique
556 1209 629 1289 (per
651 1207 783 1269 ditiones
805 1207 1111 1290 Brandenburgicas)
1139 1229 1190 1270 ex-

269 1296 369 1374 ponit.
418 1291 528 1374 Capita
549 1295 651 1351 autem
674 1296 705 1351 et
726 1293 911 1352 concionum
933 1298 964 1352 et
986 1292 1090 1374 scripti
1113 1293 1189 1371 eius,

269 1378 350 1436 sicut
374 1395 413 1436 ex
434 1374 560 1436 Lutheri
583 1374 702 1454 seriptis
725 1373 850 1454 colligo,
872 1374 951 1434 haec
971 1373 1106 1436 breruutt
1131 1375 1191 1436 Pro

269 1460 425 1522 concione
448 1456 675 1538 despumabaut
695 1463 876 1536 quaestores
897 1457 949 1516 isti
975 1458 1054 1518 tales
1082 1458 1192 1519 exhor·

271 1543 422 1603 tationes:
465 1540 513 1600 En
535 1539 658 1600 coelum
679 1539 815 1618 undique
838 1545 977 1620 apertum
996 1541 1058 1601 iam
1081 1545 1144 1619 est,
1164 1541 1192 1600 si

271 1643 357 1686 nunc
377 1643 440 1686 non
461 1625 572 1701 intres,
595 1621 719 1700 quando
738 1641 873 1702 unquam
900 1622 1048 1684 intrabis?
1091 1622 1118 1684 0
1147 1623 1192 1683 in-

272 1711 417 1790 sensatos
440 1712 472 1768 et
492 1706 587 1766 crassi
608 1703 709 1764 cordis
731 1705 883 1784 homiues,
903 1704 1009 1767 bestiis
1030 1723 1128 1788 prope
1155 1706 1193 1766 si-

271 1791 379 1870 miles,
403 1789 454 1869 qui
474 1807 546 1852 non
567 1788 723 1868 percipitis
741 1793 857 1847 tantam
879 1787 1062 1850 effusionem
1082 1789 1193 1870 gratia·

271 1893 352 1936 rum.
381 1871 447 1934 olla
472 1877 520 1932 tot
546 1871 676 1951 potastis
704 1869 857 1932 redimere
884 1872 1013 1933 animas.
1061 1871 1089 1933 0
1115 1871 1209 1952 duri,

272 1955 342 2036 duri
376 1962 408 2016 et
446 1952 654 2035 negligentes,
704 1952 868 2014 duodecim
908 1953 1041 2014 denariis
1073 1959 1194 2035 patrem

273 2038 436 2100 extrahere
458 2043 563 2121 potes,
596 2043 629 2096 et
654 2042 717 2095 tam
745 2037 884 2118 ingratus
907 2039 1028 2118 parenti
1048 2038 1080 2098 in
1101 2038 1194 2098 tantis

273 2123 386 2204 poenis
414 2138 477 2181 non
500 2119 660 2180 succurris.
702 2119 772 2200 Ego
794 2137 870 2180 sane
902 2121 935 2179 in
958 2126 1097 2182 extremo
1117 2117 1194 2180 iudi·
1304 2115 1308 2124 ’

275 2206 325 2266 cio
350 2207 609 2264 excusatussum:
631 2201 847 2264 rosvideritis.
884 2202 963 2265 Dico
976 2201 1041 2282 tibi,
1064 2204 1194 2264 sinnam

276 2288 377 2349 sclam
398 2287 532 2346 tunicam
553 2283 701 2362 haberes,
723 2285 804 2365 banc
825 2303 948 2364 quoque
970 2284 1143 2346 exuendam
1164 2290 1196 2346 et

276 2367 507 2431 distrahendam
528 2366 642 2448 iudico,
664 2374 699 2428 ut
714 2372 816 2429 tantas
832 2370 946 2448 gratias
965 2368 1120 2431 obtineres
1138 2374 1196 2431 etc.

276 2456 311 2515 ln
339 2452 536 2514 oblocutores
562 2470 637 2513 vero
666 2452 754 2511 istius
781 2452 899 2531 gotiae
925 2453 970 2512 ita
996 2450 1197 2529 detonabant,

275 2542 312 2597 ut
332 2542 467 2596 tremens
496 2534 605 2615 vulgus
628 2539 659 2593 et
680 2534 801 2595 coelum
822 2553 897 2593 mox
918 2536 1064 2596 ruiturum
1087 2540 1118 2595 et
1139 2539 1196 2595 ter·

275 2638 342 2681 ram
355 2618 505 2679 biaturam
522 2615 711 2679 formidaret.
742 2615 908 2677 Addebant
924 2615 1196 2698 amplificationes:

276 2702 389 2783 siquis
406 2700 508 2761 literas
523 2698 782 2781 indulgentiarum
792 2698 966 2779 redimeret,
980 2700 1046 2761 eius
1061 2700 1196 2760 animam

277 2802 419 2862 securam
441 2802 511 2845 esse
532 2781 572 2843 de
594 2782 693 2843 salute
714 2800 779 2843 sua.
822 2781 864 2841 ct
892 2783 1011 2843 animas
1033 2783 1066 2842 in
1087 2800 1197 2863 purga·

276 2868 359 2929 torio
382 2867 559 2945 existentes,
580 2882 637 2951 pro
657 2864 765 2944 quibus
778 2864 989 2945 indulgentiae
1001 2864 1198 2942 redimantur,

277 2950 382 3011 statim
409 2950 461 3011 ubi
489 2949 647 3010 coniectus
672 2948 705 3008 in
735 2949 844 3008 cistam
877 2967 1019 3024 nummus
1051 2947 1198 3026 tinnierit,

278 3052 318 3093 ex
345 3033 525 3113 purgatorio
559 3033 591 3091 in
618 3030 741 3091 coelum
769 3030 904 3094 evolare.
954 3030 1056 3111 Idem,
1096 3036 1198 3091 tantas

278 3132 351 3177 esse
371 3114 441 3175 illas
462 3115 586 3197 gratias,
609 3119 642 3173 ut
661 3113 781 3173 nullum
803 3113 843 3173 sit
863 3113 942 3175 adeo
965 3132 1110 3197 magnum
1128 3132 1198 3195 pec

278 3203 392 3277 catum,
415 3198 535 3259 etiamsi
557 3197 624 3276 quis
643 3215 699 3275 per
719 3195 911 3277 impossibile
929 3204 1058 3258 matrem
1075 3197 1134 3259 Dei
1155 3196 1198 3257 vi·
1216 3215 1220 3225 ’

279 3281 407 3359 olasset,
430 3282 502 3360 quin
517 3298 573 3360 per
588 3277 796 3359 indulgentias
818 3279 898 3340 solvi
918 3285 1036 3361 posset,
1058 3285 1090 3341 et
1102 3278 1199 3340 homi·

277 3380 352 3425 nem
379 3382 436 3444 per
465 3364 541 3423 istas
568 3360 776 3442 indulgentias
808 3361 937 3423 liberum
963 3362 1031 3424 fieri
1052 3362 1091 3424 ab
1115 3362 1200 3423 omni

276 3463 384 3528 poena
410 3452 442 3507 et
468 3445 568 3526 culpa.
617 3444 697 3505 Esse
729 3444 811 3505 enim
837 3446 913 3505 istas
942 3446 1056 3527 gratias
1084 3443 1201 3506 donum

276 3528 357 3590 illud
377 3526 436 3591 Dei
456 3526 689 3604 inaestimabile,
712 3542 773 3607 quo
790 3527 885 3589 homo
897 3526 1200 3605 reconcilieturDeo,

279 3619 312 3672 et
334 3630 443 3673 omnes
464 3628 586 3691 poenae
607 3611 777 3690 purgatorii
799 3610 967 3671 deleantur.
1009 3608 1076 3669 Nec
1094 3626 1200 3669 neces·

280 3696 395 3755 sariam
414 3709 484 3755 esse
511 3693 728 3757 contritionem
754 3691 819 3769 his,
847 3694 899 3771 qui
925 3690 976 3752 vel
1003 3690 1121 3752 animas
1150 3690 1201 3751 vel

280 3776 520 3839 confessionalis
537 3775 732 3837 redimerent.
765 3774 869 3835 Verba
891 3775 973 3834 enirn
993 3774 1202 3833 instructionis

279 3860 359 3921 haec
375 3861 512 3922 fluerunt:
529 3860 631 3920 Prima
642 3859 740 3941 gratie
750 3856 927 3937 principalis
943 3856 1202 3937 indulgentiarum

280 3948 329 4005 est
349 3943 489 4027 plenaria
508 3942 649 4005 remissio
667 3941 1021 4021 omniumpeccatorum,
1042 3958 1099 4021 per
1110 3956 1203 4019 quam
