3075 4750
374 508 418 579 66
693 511 842 568 Sermones
861 506 973 566 botheri

374 684 440 744 istie
472 701 535 744 non
562 681 720 761 appetitis,
750 681 816 742 imo
842 679 1007 743 oontemtiu
1034 677 1135 741 eibum
1167 677 1292 740 solitum

376 767 491 828 esuriet
512 770 547 826 et
564 763 728 826 comedere
739 763 852 827 valeat.
894 763 979 825 Telis
1000 781 1075 844 ergo
1098 768 1148 823 est
1163 762 1294 823 stultitia

374 848 602 930 hypocritarum
631 847 670 910 de
696 847 856 909 virtutibus
890 853 925 908 et
954 848 1060 928 gratiis
1080 845 1140 906 Dei
1167 864 1293 925 proesu-

375 931 538 1008 mentium‚
560 949 595 991 ee
616 949 684 992 esse
705 932 842 1012 integros
864 936 896 992 et
915 931 1024 1010 iustos,
1052 928 1150 1009 quelie
1173 934 1223 990 eut
1244 947 1294 989 ee·

373 1015 560 1095 grotentium
582 1020 614 1074 et
633 1013 793 1074 medicinis
815 1014 960 1076 nomentio
984 1013 1147 1074 sanitatem
1168 1030 1294 1092 preeun-

374 1097 520 1157 mentium
553 1116 591 1157 eo
622 1096 752 1178 superbe
781 1103 890 1158 contre
921 1095 1074 1158 medioum
1100 1096 1294 1172 tumentium,

377 1198 444 1240 oum
467 1179 546 1240 haee
568 1199 630 1241 non
653 1182 714 1240 sint
733 1181 865 1255 sonitus,
886 1178 942 1240 ned
963 1178 1100 1240 remedie
1120 1177 1161 1239 od
1182 1178 1295 1239 eunita-

376 1266 437 1324 tem
457 1269 491 1328 ut
513 1279 609 1344 opere
629 1282 667 1323 ee
687 1262 773 1324 done
791 1263 940 1341 iustitiae,
968 1281 1031 1324 non
1058 1261 1141 1322 selue
1169 1259 1227 1344 sed
1247 1279 1294 1322 re·

375 1345 479 1406 medie
499 1346 539 1406 ed
563 1345 692 1406 salutem
715 1352 746 1406 et
766 1347 923 1406 iustitiam.
966 1345 1056 1407 Saluo
1082 1352 1186 1406 eutem
1208 1343 1295 1405 solue

374 1429 471 1508 Deus,
493 1431 544 1508 qui
565 1449 621 1510 per
641 1429 719 1490 heeo
741 1430 845 1490 omnia
861 1430 1025 1508 quaeritur,
1046 1447 1110 1490 non
1133 1433 1239 1489 eutem
1250 1428 1296 1487 in·
1322 1498 1325 1501 ,

373 1519 482 1572 ventus
508 1513 662 1592 praesumi
692 1510 794 1574 debet.
842 1511 927 1592 Ergo
956 1513 1035 1572 sieut
1060 1516 1206 1592 eegtotuu
1228 1529 1294 1571 non

374 1595 440 1656 sine
462 1596 571 1657 timore
594 1597 673 1676 agit,
701 1595 821 1656 etiamsi
849 1595 1018 1656 medicinae
1039 1596 1140 1675 possit
1160 1612 1294 1671 sumere,

373 1679 417 1738 ite
438 1679 533 1740 iustus
556 1698 619 1740 non
642 1680 708 1739 sine
719 1679 830 1739 timore
851 1679 925 1758 egit,
947 1679 1020 1739 lieet
1040 1677 1125 1738 bone
1135 1684 1294 1757 operetur,

374 1779 442 1820 oum
465 1768 592 1842 uterque
614 1762 705 1821 sitin
727 1780 784 1822 suo
807 1761 945 1842 periculo
967 1760 1159 1842 perditionis.
1369 1777 1373 1782 ’

305 2117 313 2134 ·
374 2083 452 2180 Die
489 2085 529 2180 S.
568 2082 771 2180 Iohannis
810 2084 955 2181 Seimo
995 2085 1043 2181 in
1077 2083 1295 2180 Puroohia
1385 2158 1386 2209 ἰ

716 2272 877 2337 habitus
891 2274 940 2351 ⁸).

454 2454 512 2531 Qui
540 2455 627 2516 timet
647 2455 762 2535 Deum,
791 2456 865 2518 feeit
884 2454 983 2534 bona,
1010 2454 1219 2516 Eoolesiesme
1243 2458 1294 2519 15.

371 2539 477 2599 Brevis
505 2537 647 2600 dootn'na
679 2538 755 2617 illis,
786 2543 837 2618 qui
866 2540 993 2618 eupiunt
1013 2539 1106 2615 seire,
1134 2536 1294 2617 quomodo

371 2622 454 2682 bone
483 2620 606 2681 fociant.
651 2620 684 2683 Si
706 2623 788 2681 enim
821 2640 966 2701 quaeras,
999 2620 1158 2713 quomopio
1180 2620 1295 2681 seciam
1384 2647 1385 2682 1

370 2702 472 2765 bone?
494 2703 678 2783 respondet:
710 2704 809 2765 Deum
839 2706 929 2781 time,
958 2711 989 2764 et
1016 2723 1218 2783 quaeeunque
1249 2705 1296 2764 sio

369 2786 507 2847 timendo
530 2786 649 2867 feceris,
672 2787 756 2849 bone
777 2795 876 2850 emnt.
920 2786 971 2850 sic
992 2786 1202 2853 Ecclesiastue
1223 2784 1294 2847 uiti-

370 2889 431 2949 mo,
454 2869 546 2931 finem
562 2872 713 2931 sermonis
735 2873 850 2952 puriter
871 2876 979 2932 omn'es
995 2869 1169 2934 audiamus:
1191 2870 1294 2931 Deum

370 2956 443 3013 time
466 2959 498 3013 et
508 2953 653 3015 mandate
674 2953 755 3014 illius
768 2971 867 3031 servm
889 2954 950 3015 hoo
972 2955 1131 3015 estomnis
1146 2952 1295 3015 hominis.

377 3077 379 3083 ·
453 3034 682 3098 Concludemuu
703 3039 823 3117 itaque:
854 3037 940 3099 Siout
959 3043 1140 3118 nonpotest
1161 3035 1238 3115 fieri,
1260 3042 1296 3095 ut

367 3119 595 3199 feoietmulum,
618 3120 670 3199 qui
692 3122 780 3182 timet
790 3121 899 3199 Deum,
921 3122 1038 3182 itenou
1053 3119 1295 3201 potestfi'en‘,ut

367 3202 460 3263 faeiat
485 3202 617 3280 bonum,
649 3205 700 3283 qui
730 3205 901 3265 contemnit
922 3202 1032 3264 Deum.
1074 3202 1141 3264 Nee
1168 3203 1291 3281 mimm,

368 3303 437 3347 oum
467 3286 533 3367 ipse
564 3292 738 3349 contemtus
766 3288 806 3347 sit
834 3287 947 3347 melum
978 3294 1010 3347 et
1037 3288 1105 3366 ipse
1134 3287 1227 3346 timor
1252 3287 1294 3345 sit

371 3369 496 3430 bonum.
540 3368 573 3433 Si
596 3371 677 3429 enim
701 3370 795 3430 etiem
815 3377 956 3431 mortuos
970 3371 1099 3431 suseites
1122 3376 1294 3429 etseoume

367 3472 459 3538 eges,
482 3451 543 3513 iem
561 3448 630 3513 'non
652 3453 728 3513 fotis
749 3452 851 3533 bone3
877 3460 987 3515 eontra
1015 3452 1041 3513 si
1068 3453 1159 3513 etiem
1181 3452 1292 3512 vilissi-

366 3551 448 3595 mum
478 3534 574 3596 facies
610 3542 641 3596 et
673 3536 804 3616 pavidus
838 3556 932 3619 eges,
964 3537 1024 3597 iam
1055 3535 1131 3596 feois
1163 3534 1291 3597 bonum.

366 3618 498 3679 'sentum
526 3618 619 3679 hebet
648 3638 726 3699 opus
757 3620 918 3699 quodlibet
945 3619 1110 3698 bonitatis,
1142 3624 1291 3697 quantum

421 3828 451 3893 *)
473 3826 524 3879 Hic
543 3841 636 3881 sermo
656 3804 696 3880 de¹
709 3828 808 3881 timore
828 3825 880 3878 Dei
899 3824 943 3878 die
964 3824 992 3879 S.
1012 3825 1129 3879 Joannis
1148 3824 1291 3893 Baptistae

365 3902 431 3950 anni
456 3900 524 3953 1515
549 3898 659 3951 habitus
686 3905 729 3951 eet
751 3901 781 3950 in
807 3896 925 3949 eeclesia
949 3894 1102 3964 parochiali
1126 3895 1292 3949 Vittember·

364 3971 470 4093 epple&
489 3969 766 4111 {efflepnehppdpgtq'
780 3985 844 4023 eum
864 3969 892 4033 I,
910 3985 937 4037 p.
956 3967 1009 4023 252
1027 3983 1088 4036 eqq.
1111 3966 1164 4037 (ex
1182 3967 1288 4036 usm.)
