3075 4750
487 345 504 382 Ν
706 380 713 395 .

340 442 404 511 268
727 445 883 517 mm.

341 616 479 679 Paschoe
506 620 539 679 et
558 615 590 674 in
624 613 753 675 articulo
784 612 908 690 mortis,
936 610 1138 672 eucharistiae
1165 630 1266 675 sacra

299 728 302 736 =
341 706 491 778 mentum,
513 700 579 759 sive
599 716 655 776 per
675 717 720 774 se,
741 697 808 757 sive
830 715 886 775 per
903 695 996 755 alium
1007 695 1183 755 ministrare
1196 714 1267 775 pos·

340 784 382 843 sit
401 790 433 843 et
453 782 568 859 valeat,
587 782 771 841 arrotoritate
793 779 982 858 apostolica,
1004 796 1059 857 per
1081 777 1181 838 dictas
1201 779 1266 839 lite·

340 884 391 925 ras
412 884 572 926 concessa,
613 862 677 922 lsta
698 870 802 923 tamen
822 860 1063 921 confessionalis
1084 880 1148 921 non
1169 879 1205 921 se
1215 878 1266 921 ex-

341 948 471 1008 tendunt
492 946 532 1006 ad
553 946 810 1006 commutationes
832 951 986 1021 votorum,
1009 944 1075 1003 sive
1096 942 1266 1005 absolutio

341 1050 398 1090 nes
421 1036 629 1109 peccatorum,
653 1030 834 1089 emissorum
853 1028 919 1087 sive
937 1027 1173 1087 commissorum
1191 1034 1264 1089 enta

341 1114 551 1192 receptionem
571 1112 703 1188 illorum,
727 1112 799 1188 quie
823 1110 862 1170 de
878 1116 951 1170 tuuc
967 1110 1086 1169 emissis
1098 1110 1184 1169 votis
1200 1111 1266 1170 sive

341 1196 512 1255 commissis
535 1195 670 1274 peccatis
692 1192 849 1254 debebunt
863 1192 993 1269 absolvi,
1016 1193 1081 1251 sive
1092 1191 1266 1271 dispensari

328 1280 361 1337 'a
386 1278 558 1357 deputatis,
588 1274 836 1357 suffragabuntur
862 1280 971 1355 postes
997 1274 1175 1355 profuturis.
1218 1276 1265 1335 ln·

339 1358 425 1422 babet
455 1366 558 1420 antem
579 1378 661 1439 papa
682 1359 844 1419 ordinariis
873 1366 905 1418 et
930 1358 998 1419 aliis
1021 1357 1265 1437 quibuscunque,

340 1442 396 1503 sub
425 1462 530 1523 poena
558 1442 888 1503 excommunicationis
919 1441 1001 1501 latae
1029 1441 1204 1501 sententiae
1236 1446 1267 1501 et

340 1527 577 1606 quingentorum
610 1525 807 1601 ducatorum,
845 1544 885 1583 ne
921 1530 993 1602 post
1024 1522 1264 1602 absolutionem,

340 1608 602 1689 dispensationem
625 1616 657 1668 et
670 1610 904 1668 concessionem
924 1606 1099 1667 huiusmodi
1121 1606 1161 1667 de
1178 1626 1265 1686 prae-

339 1692 440 1752 missis
468 1692 589 1752 ossibne
623 1711 659 1751 se
689 1692 798 1770 quovis
833 1690 926 1750 modo
955 1690 1177 1767 intromittere,
1214 1688 1265 1750 vsl

340 1774 420 1835 tales
441 1774 670 1835 contribnentes
693 1774 869 1849 molestare,
892 1792 947 1833 sen
966 1791 1025 1851 quo
1045 1772 1145 1832 minus
1163 1774 1269 1833 istius·-

341 1857 427 1918 modi
448 1856 644 1918 aestatibus
666 1864 698 1917 et
719 1858 824 1937 gratiis
846 1856 944 1917 libere
974 1856 1017 1915 uti
1039 1856 1178 1935 possint,
1210 1857 1264 1915 irn-

339 1940 446 2021 pedire
467 1946 677 2020 praesumant,
705 1960 743 2001 eo
767 1938 901 2018 quodie
925 1942 1056 2016 utroque
1082 1938 1171 2017 foro,
1208 1940 1265 1999 soi·

337 2024 413 2083 licet
438 2024 634 2084 contentioso
656 2030 689 2083 et
710 2024 956 2099 conscientioso,
984 2021 1265 2101 praedictsecom·

339 2108 541 2183 mutationes,
564 2105 775 2166 absolutiones
797 2112 830 2165 et
850 2104 1098 2183 dispensationes
1122 2105 1264 2165 valeant:

339 2207 402 2249 non
431 2188 623 2250 obstantibus
644 2188 915 2249 constitutionibus
954 2194 985 2247 et
1018 2187 1264 2252 ordinationibus

338 2272 518 2352 apostolicis
540 2290 579 2331 ac
600 2271 694 2331 literis
710 2289 963 2350 quorumcunque
976 2270 1264 2350 praedecessorum,

338 2354 548 2417 &manorum
590 2353 786 2435 pontificum,
829 2355 1009 2434 praesertim
1046 2353 1133 2414 Pauli
1167 2354 1196 2414 Π
1234 2361 1266 2414 et

338 2438 415 2501 sixti
443 2439 502 2517 IV,
536 2439 646 2518 quibus
668 2457 815 2517 expresse
836 2445 870 2498 et
891 2436 1077 2498 sufficienter
1099 2457 1155 2518 per
1175 2457 1264 2517 prue-

316 2521 435 2583 dieta
447 2523 552 2582 literas
568 2521 744 2601 derogatur,
766 2522 939 2598 ceterisque
960 2521 990 2579 in
1015 2521 1201 2581 contrarium
1222 2521 1263 2580 fu-

338 2605 494 2666 aientibns
512 2604 751 2684 quibuscunque.
786 2607 819 2664 ln
841 2623 970 2681 quorum
990 2602 1081 2662 tidem
1094 2622 1153 2683 ego
1167 2604 1264 2664 frater

337 2688 476 2767 Baptista
497 2687 537 2747 de
555 2687 689 2763 Austris,
712 2685 848 2746 eiusdem
866 2685 998 2746 dubilaei
1011 2686 1261 2766 Conrmissorins,

338 2769 461 2830 Ordinis
482 2770 638 2847 Minorum,
657 2769 697 2829 de
711 2769 925 2846 Observantia,
948 2767 987 2828 ad
1000 2771 1172 2848 praemissa
1193 2769 1262 2830 sub-
1376 2827 1377 2846 ,

338 2852 500 2932 delegatus
521 2860 553 2912 et
574 2852 755 2932 deputatus,
778 2871 868 2912 menn
891 2852 1017 2930 propria
1038 2852 1206 2930 subscripsi
1230 2859 1263 2913 et
1376 2849 1377 2900 ἶ

338 2936 442 3016 sigilio
463 2937 599 2994 munitas
618 2935 728 2996 madidi
751 2943 929 3014 praesentes
954 2935 1065 2994 literas.
1097 2936 1211 2994 Datum
1229 2937 1260 2996 in

336 3017 493 3098 leingc,
515 3018 564 3078 die
586 3021 635 3081 25.
657 3019 773 3078 Mensis
794 3017 997 3092 Novembris,
1030 3035 1112 3078 anno
1134 3019 1263 3079 Domini

336 3101 500 3189 millesimo
523 3101 882 3181 quingentesimo‘tertio
905 3100 1035 3162 decimo.

336 3226 771 3309 Formaabsolntionis
806 3228 1009 3308 plenariae
1038 3229 1262 3308 praemissu
1376 3291 1377 3296 ,

336 3312 600 3389 confessione.
644 3310 769 3372 Semel
800 3315 836 3371 in
858 3313 938 3370 vita
960 3319 997 3372 et
1017 3311 1053 3370 in
1076 3309 1262 3389 quolibet

335 3395 508 3476 periculo
524 3401 561 3455 et
575 3396 610 3453 in
624 3395 763 3454 mortis
778 3394 945 3456 articulo
964 3394 1260 3460 velvcrisimili.

419 3509 599 3572 illicerentur
627 3513 669 3571 tui
704 3517 761 3572 eto.
810 3511 850 3572 Et
877 3521 948 3592 post
970 3511 1064 3572 verba
1085 3514 1262 3574 communis

335 3594 540 3658 absolutionis
569 3595 651 3654 dicat
673 3594 838 3656 sacerdos:
876 3597 988 3656 lterum
1010 3594 1188 3674 apostolica
1207 3615 1261 3656 au-

335 3679 460 3741 usitate
489 3660 542 3738 tibi
578 3696 743 3754 concessa,
773 3683 804 3736 et
832 3679 905 3738 mibi
930 3680 962 3738 in
986 3677 1044 3738 hac
1063 3686 1152 3757 parte
1175 3698 1260 3740 com-

255 3831 263 3841 *
335 3762 428 3821 missa
463 3760 593 3822 absolvo
623 3760 667 3820 Te
683 3831 687 3836 t
704 3760 744 3821 ab
781 3761 922 3822 omnibns
952 3763 1103 3840 peccatis,
1138 3761 1261 3823 delictis

335 3849 372 3907 et.
388 3843 566 3904 excessibus
589 3847 858 3922 quantumcunque
882 3843 1072 3916 enormibus,
1103 3843 1260 3906 hactenus

334 3943 390 4004 per
412 3933 443 3988 ts
465 3926 653 4004 counanimis,
684 3945 722 3986 ac
742 3928 880 3988 censuris
894 3925 1137 4010 ‚quomodolibet
1158 3929 1260 3991 incur
