3075 4750
478 467 696 540 Disputationes
714 468 747 522 ὓ,
762 466 842 527 Μ.
860 468 980 522 Lutheri.
1022 476 1027 485 '
1129 462 1192 533 379

264 640 419 782 rearlieeio·
433 656 555 720 poenae
574 637 755 701 reoouoiliat
771 638 928 701 hominem
945 638 1071 718 homini,
1092 636 1193 699 idest

267 742 322 783 eoo
335 741 432 786 aerae.
1014 750 1019 757 ·
1116 769 1119 777 .

342 810 393 902 35)
427 805 570 867 Renum
598 804 696 902 eulpa·
716 811 750 867 ot
769 806 960 904 ooneoieutia
980 804 1065 902 nulla
1090 800 1194 884 poena

206 963 223 993 ·
268 894 319 949 ⁶⁶⁸
341 887 1193 1053 'tstetuiattonitiattonitis·aa

209 1120 219 1136 κ
268 1054 347 1134 fieri,
371 1053 427 1116 aed
447 1072 643 1134 nequaquam
665 1056 733 1117 eine
754 1057 937 1119 remissione
959 1055 1078 1135 eulpae.

284 1164 287 1169 ·
354 1135 393 1221 7)
421 1137 522 1217 Magio
549 1137 677 1217 prodeat
703 1139 742 1200 ad
773 1138 918 1216 salutem,
948 1140 974 1199 ei
995 1138 1154 1201 absolut-ue
1175 1156 1206 1221 a!
1258 1186 1262 1207 ,

269 1220 364 1301 eulpa
387 1220 509 1281 omittat
529 1220 774 1301 redemptionem
796 1242 975 1303 poenarum.

355 1304 577 1378 8)Re1niaaio
606 1305 717 1385 eulpae
749 1324 814 1369 non
853 1306 990 1369 innititur
1018 1303 1195 1367 contritioni

270 1388 462 1469 penmonis,
483 1404 543 1449 neo
564 1386 667 1451 offioo
691 1395 745 1449 aut
764 1388 911 1469 potestati
933 1388 1111 1451 sacerdotis.

354 1473 393 1543 9)
416 1470 557 1532 innititur
576 1472 681 1549 potius
700 1471 832 1549 fidoil),
853 1471 885 1532 id
908 1477 971 1549 eat,
994 1490 1073 1549 quae
1095 1476 1143 1532 est
1163 1470 1192 1529 in

268 1552 400 1614 verbum
419 1552 531 1614 cunuti
554 1553 694 1632 dioentie,
716 1554 931 1634 Quodcunque
951 1555 1082 1616 solveris
1102 1560 1161 1615 eto.

338 1632 415 1718 10)
438 1636 553 1697 Veram
575 1643 623 1697 eat
644 1639 741 1712 enim,
780 1638 863 1718 quod
882 1657 947 1699 non
970 1644 1193 1698 odoramentum

179 1762 190 1782 .
269 1718 354 1799 fidei,
373 1717 435 1779 aed
456 1716 534 1781 fidae
555 1722 748 1802 sacrementi,
767 1720 800 1784 id
822 1728 879 1798 eet,
902 1740 965 1784 non
987 1722 1060 1800 quia·
1075 1719 1117 1798 fit,
1138 1716 1194 1782 ned

270 1803 346 1882 quia
367 1800 510 1881 oreditun
529 1802 685 1865 iustitioat.

354 1886 415 1963 11)
436 1884 510 1945 Non
540 1886 640 1947 voluit
664 1886 804 1949 Christus
829 1888 861 1949 in
883 1907 974 1951 manu
996 1886 1046 1948 vel
1069 1884 1194 1949 arbitrio

155 2029 158 2037 ,
269 1968 409 2030 hominia
432 1969 601 2029 oonaistere
622 1970 754 2030 salutem
775 1971 943 2034 hominum.

359 2052 419 2129 12}
441 2050 503 2112 Sed
531 2052 612 2113 aiout
641 2054 788 2133 eoriptunr
828 2061 889 2115 ert:
927 2055 1057 2119 Portuno
1091 2052 1196 2113 omnia

269 2134 367 2197 verbo
391 2134 509 2197 nunus
528 2154 614 2213 auae,
629 2142 676 2196 et:
697 2135 773 2197 Fide
788 2135 953 2217 purifioane
970 2136 1066 2198 eorda
1078 2154 1196 2197 eorum.

358 2218 416 2291 13)
439 2216 546 2296 Usque
566 2217 605 2279 ad
627 2218 839 2283 infidelitatem
863 2228 983 2296 errent,
1015 2220 1068 2298 qui
1089 2219 1193 2279 remia·

266 2302 393 2364 sionem
414 2300 525 2380 onlpae
545 2302 694 2363 iuoertam
717 2310 871 2381 mearunt,
893 2308 1020 2384 propter
1040 2301 1195 2379 ineertitu-

273 2384 378 2446 dinem
402 2385 604 2446 contritionis.

357 2467 415 2542 14)
429 2465 677 2541 ‘Quantumlibet
701 2470 846 2530 ineertue'
868 2470 909 2530 eit
938 2477 999 2530 tam
1036 2466 1194 2544 eaoerdoe,
1312 2519 1317 2536 ,

272 2569 365 2629 quam
393 2556 541 2630 peooator
566 2539 829 2631 nomentanae,
858 2559 925 2614 rata
951 2558 999 2614 eet
1026 2549 1192 2628 absolutio,

272 2635 298 2692 si
321 2630 421 2694 eredit
442 2651 511 2693 sese
532 2633 715 2698 absolutum.

356 2718 414 2793 15)
440 2715 563 2778 Certum
585 2724 634 2778 aot
653 2737 740 2798 ergo,
758 2719 891 2780 remim
911 2736 981 2780 esee
1002 2724 1147 2798 peceato,
1170 2717 1196 2776 si
1299 2775 1309 2792 ‚

271 2797 374 2860 aredio
408 2800 553 2877 remissa,
591 2803 662 2879 quia
688 2809 773 2862 oarta
804 2808 852 2876 est
886 2799 997 2862 Ghriati
1033 2799 1195 2868 saluatoris

271 2901 446 2962 promrsaro.
1022 2923 1026 2934 .

357 2966 414 3035 16)
439 2963 608 3026 Absolutum
632 2986 692 3046 per
716 2966 835 3028 elavem
858 2968 960 3046 potius
990 2966 1085 3028 debet
1107 2966 1195 3044 mori,

272 3054 306 3109 et
325 3067 452 3109 omnem
474 3055 646 3137 ereaturam
667 3069 793 3130 negare,
815 3068 907 3128 quam
928 3049 969 3110 de
989 3070 1046 3112 eun
1071 3049 1193 3112 absolu-

274 3132 361 3191 tione
384 3130 532 3193 dubitare.

360 3217 417 3290 17)
441 3213 590 3276 Dubitane
611 3214 839 3278 absolutionem
861 3218 959 3278 suram'
975 3216 1045 3280 Deo
1077 3221 1196 3296 gratam

273 3315 360 3375 esee,
394 3295 527 3358 dubitat
541 3298 631 3358 timul
660 3297 815 3359 Christum
849 3299 943 3362 tuisse
975 3317 1116 3360 veracem
1152 3295 1196 3358 di·

274 3378 385 3453 cendo,
408 3378 620 3460 Quodcunque
642 3387 699 3441 ete.

247 3497 252 3504 ·
359 3463 415 3531 18)
445 3461 545 3544 Super
572 3464 789 3526 conditionem
820 3462 1021 3526 aedifioantoo
1043 3462 1195 3525 remissio-

272 3565 344 3608 nem
358 3563 450 3625 anper
466 3562 602 3626 arenam,
621 3546 652 3606 id
667 3554 723 3623 eet,
735 3567 828 3626 super
843 3565 920 3627 opus
938 3545 1083 3622 hominis,
1102 3541 1195 3606 fidem
1215 3539 1224 3564 “

273 3631 330 3690 Dei
354 3627 527 3690 aedificant.

358 3715 414 3786 19)
450 3711 564 3772 Iniuria
598 3719 646 3774 eet
678 3711 878 3787 seoramenti,
916 3716 947 3768 et
970 3709 1196 3793 desperationis

329 3989 362 4055 1)
381 3987 414 4043 In
431 3987 472 4042 er.
492 3987 575 4044 1530:
612 3942 675 4041 ore}
