3075 4750
727 476 863 534 mansu

331 665 407 709 susc
429 644 605 725 puroclsine,
627 644 708 707 deut
726 644 762 707 fit
781 646 812 707 in
834 644 885 706 die
902 646 1084 721 animorum,
1105 645 1137 705 in
1149 642 1261 705 dicbus

331 727 559 805 communibus,
588 734 620 788 et
649 726 1000 807 indeposisionibus.1)
1044 728 1086 789 Et
1105 746 1169 789 uon
1194 734 1262 787 erut

331 811 455 891 qudem
477 818 583 874 votum
606 831 727 889 meum,
759 818 793 873 ut
821 812 882 872 islo
905 811 1019 887 verbo,
1050 818 1206 891 potestus,
1228 811 1260 869 iu

331 894 390 957 boc
409 896 564 975 positione
587 913 657 954 uses
677 893 721 954 illi
743 893 936 975 luderentur,
964 894 1067 973 placet
1088 902 1194 957 tomen
1216 894 1260 953 iso

331 979 497 1059 contigisse
520 976 688 1037 temerariis
705 974 866 1053 iudicibus,
890 984 922 1037 ut
944 978 1076 1057 seipsos
1099 977 1258 1052 irriserint,

330 1068 365 1123 ut
385 1060 506 1123 dbosot
525 1059 673 1139 deinceps
694 1078 764 1119 oum
788 1061 898 1121 timore
928 1078 966 1121 so
998 1060 1065 1119 siue
1092 1058 1257 1139 supercilio

330 1144 433 1206 absus
452 1149 596 1219 trscbre,
613 1150 645 1203 st
670 1141 792 1214 discere
810 1150 977 1222 sntequnns
994 1142 1119 1217 dooere,
1141 1141 1259 1219 mire,

329 1234 494 1305 antequem
516 1224 660 1287 iudicent.
980 1260 983 1270 ·

635 1388 700 1451 XlL
726 1387 943 1472 Obelisous.*)

349 1515 365 1532 ..
412 1554 465 1615 Eo.
489 1555 669 1636 Propositio
686 1523 747 1615 isto
755 1554 878 1615 videtur
896 1553 1063 1631 declsrsre,
1084 1560 1256 1633 ponentem

330 1656 394 1699 nou
415 1638 599 1718 intelligere,
621 1636 695 1717 qnid
716 1638 747 1697 in
772 1634 863 1697 bullis
885 1637 1065 1717 spostolicis
1089 1636 1164 1697 velit
1178 1636 1259 1695 hscc

191 1730 214 1751 ‘
330 1719 481 1800 porticulo
502 1733 578 1801 (per
599 1719 724 1781 modum
747 1718 919 1802 suffragii),
947 1738 1015 1779 cuni
1045 1719 1099 1779 illu
1126 1738 1190 1779 nou
1213 1719 1257 1779 di·

330 1801 862 1965 tltttltlttttlstl,
878 1802 1256 1965 ''ffldddssbtdtl‘t

331 1969 610 2113 clusurikpossuut,
631 1976 664 2029 et
683 1968 748 2029 doti
768 1967 934 2047 spostolioi
958 1970 1140 2048 interpretes
1159 1986 1255 2046 expo·

330 2070 441 2113 suerun

411 2134 498 2195 Lutb.
520 2134 632 2195 Fstecr
652 2134 803 2214 ingenue,
832 2154 881 2195 me
911 2153 973 2195 uon
994 2135 1168 2214 intelligere
1189 2153 1255 2193 mo-

330 2217 402 2282 dum
425 2217 510 2279 illurn
533 2216 688 2297 suffugii,
711 2216 844 2296 ideoque
867 2217 1036 2297 disputavi,
1060 2226 1093 2277 ut
1113 2216 1255 2277 ducerer.

330 2299 433 2364 Verbo
453 2300 508 2361 ills
530 2306 562 2359 et
582 2318 643 2380 ego
662 2300 794 2361 renitere
814 2301 904 2379 novi,
938 2319 1018 2380 queo
1038 2300 1150 2361 Ennius
1178 2301 1254 2359 rcci-

330 2384 557 2532 ωὲὼῤοίοθί,
586 2381 658 2444 Non
678 2382 835 2462 diminuit,
858 2383 913 2444 sed
935 2383 1036 2464 uddit,
1064 2403 1126 2446 uon
1148 2392 1254 2444 sutem

329 2489 361 2532 ῃ]
427 2483 480 2546 m
725 2508 728 2515 .
793 2509 797 2514 .
957 2481 962 2486 “
1073 2513 1077 2518 .

412 2549 503 2624 Quod
513 2568 588 2612 uero
596 2549 671 2611 dicit
676 2567 747 2610 esse
756 2547 914 2610 declorstu
919 2548 962 2610 ub¹
970 2550 1149 2630 apostolicis
1161 2550 1254 2610 inter·

331 2633 482 2714 pretlbus,
512 2652 571 2712 ego
599 2638 722 2711 proeter
749 2630 928 2694 Gabrielem
951 2633 1019 2692 Biel
1041 2631 1158 2692 nullum
1180 2633 1255 2712 legi,

331 2723 364 2781 et
380 2734 472 2779 -nuno
500 2715 594 2776 dudio
621 2715 703 2776 huno
727 2713 857 2776 Ennium
876 2715 986 2776 eudem
1008 2733 1103 2796 posse
1124 2714 1254 2795 pulchre

331 2798 508 2862 miore?
550 2797 613 2860 sed
642 2796 725 2875 quod
759 2796 918 2858 amborum
947 2797 1190 2860 declsrotionem
1213 2817 1256 2858 ue

331 2880 568 2961 flooeirquidssu
589 2881 681 2957 tucio,
702 2887 794 2940 sutor
815 2879 888 2940 mibi
910 2889 960 2942 cst
979 2880 1179 2961 ipsclilscius,
1202 2883 1256 2961 qui

331 2983 423 3044 supro
442 2965 475 3025 iu
495 2963 636 3042 quoduus-
650 2963 789 3025 obelisco
809 2962 896 3042 dixit,
917 2964 1059 3026 frivolum
1071 2982 1150 3044 esse,
1171 2964 1257 3024 foots

331 3045 1257 3209 wtttltlttttlillitltllltttflt

330 3212 458 3276 frivolos
485 3212 693 3276 dcclsrctores
728 3217 853 3292 oportet
890 3212 1091 3292 vilipendere.
1140 3175 1254 3290 Addo,
1317 3232 1322 3241 ·

331 3295 414 3374 quud
435 3297 561 3358 iuristne
581 3314 693 3358 omncs
711 3294 826 3374 dicunt,
848 3295 986 3356 eiusdem
998 3314 1071 3358 esse
1084 3294 1255 3372 declarare,

331 3381 417 3442 cuius
431 3379 496 3441 ,fuit
516 3377 660 3440 condere.
690 3377 752 3438 Sed
775 3387 922 3456 exspecto
945 3377 1071 3439 Ecciuur
1093 3378 1262 3458 pulcbruur

332 3460 573 3539 dsclsrntoress,
596 3462 647 3540 qui
668 3461 775 3522 omnis
794 3460 954 3541 iutelligit,
975 3461 1055 3522 forte
1074 3461 1204 3523 docebit
1223 3457 1258 3522 ‘et

331 3564 382 3606 ms
402 3545 577 3624 intelligere
597 3544 731 3606 modum·
745 3541 892 3623 suffrsgii,
916 3543 1010 3606 modo
1032 3563 1095 3606 non
1108 3544 1256 3625 loquutur

331 3619 407 3690 inibi
427 3628 621 3692 scholastico.
643 3627 713 3690 eeu
729 3626 818 3707 pluro
837 3627 869 3688 iu
891 3627 1134 3706 probotionibu's.

386 3892 417 3984 i)
435 3919 518 3975 lbid.:
542 3894 572 3974 iu
589 3921 838 3990 perentetiouibus.
916 3878 925 3968 «ι

386 3991 418 4060 ⁸)
439 3989 579 4047 Adversus
598 3992 642 4048 26.
662 3991 789 4050 Conclus.
802 3993 930 4057 ‚limitetis
960 4014 981 4039 ··
