<?xml version="1.0" encoding="UTF-8"?>
<!DOCTYPE html PUBLIC "-//W3C//DTD XHTML 1.0 Transitional//EN"
    "http://www.w3.org/TR/xhtml1/DTD/xhtml1-transitional.dtd">
<html xmlns="http://www.w3.org/1999/xhtml" xml:lang="en" lang="en">
 <head>
  <title>
</title>
<meta http-equiv="Content-Type" content="text/html;charset=utf-8" />
  <meta name='ocr-system' content='tesseract 3.04.00' />
  <meta name='ocr-capabilities' content='ocr_page ocr_carea ocr_par ocr_line ocrx_word'/>
</head>
<body>
  <div class='ocr_page' id='page_1' title='image "./operalatinavari01schmgoog_0188.png"; bbox 0 0 3075 4750; ppageno 0'>
   <div class='ocr_carea' id='block_1_1' title="bbox 339 467 945 540">
    <p class='ocr_par' dir='ltr' id='par_1_1' title="bbox 339 467 945 540">
     <span class='ocr_line' id='line_1_1' title="bbox 339 467 945 540; baseline -0.005 -11"><span class='ocrx_word' id='word_1_1' title='bbox 339 468 405 540; x_wconf 84' lang='lat'><strong>180</strong></span> <span class='ocrx_word' id='word_1_2' title='bbox 536 486 539 490; x_wconf 87' lang='grc'><strong><em>·</em></strong></span> <span class='ocrx_word' id='word_1_3' title='bbox 669 475 816 528; x_wconf 85' lang='lat' dir='ltr'><strong>Sermonae</strong></span> <span class='ocrx_word' id='word_1_4' title='bbox 834 467 945 528; x_wconf 72' lang='lat' dir='ltr'><strong>Ir&#39;utlreri</strong></span> 
     </span>
    </p>
   </div>
   <div class='ocr_carea' id='block_1_2' title="bbox 271 640 1273 4047">
    <p class='ocr_par' dir='ltr' id='par_1_2' title="bbox 341 640 1268 1886">
     <span class='ocr_line' id='line_1_2' title="bbox 341 640 1260 727; baseline -0.005 -20"><span class='ocrx_word' id='word_1_5' title='bbox 341 646 491 727; x_wconf 90' lang='lat' dir='ltr'><strong>plicentia</strong></span> <span class='ocrx_word' id='word_1_6' title='bbox 510 650 605 726; x_wconf 88' lang='lat' dir='ltr'><strong>patet.</strong></span> <span class='ocrx_word' id='word_1_7' title='bbox 643 644 722 704; x_wconf 86' lang='lat' dir='ltr'><strong>Nam</strong></span> <span class='ocrx_word' id='word_1_8' title='bbox 743 644 792 707; x_wconf 91' lang='lat' dir='ltr'><strong>Ps.</strong></span> <span class='ocrx_word' id='word_1_9' title='bbox 816 643 990 710; x_wconf 31' lang='lat' dir='ltr'><strong>ludicius:</strong></span> <span class='ocrx_word' id='word_1_10' title='bbox 1013 641 1081 704; x_wconf 74' lang='lat' dir='ltr'><strong>Filii</strong></span> <span class='ocrx_word' id='word_1_11' title='bbox 1102 640 1260 702; x_wconf 89' lang='lat' dir='ltr'><strong>hominum</strong></span> 
     </span>
     <span class='ocr_line' id='line_1_3' title="bbox 342 724 1263 810; baseline -0.008 -21"><span class='ocrx_word' id='word_1_12' title='bbox 342 749 439 810; x_wconf 91' lang='lat' dir='ltr'><strong>usque</strong></span> <span class='ocrx_word' id='word_1_13' title='bbox 461 747 522 808; x_wconf 89' lang='lat' dir='ltr'><strong>quc</strong></span> <span class='ocrx_word' id='word_1_14' title='bbox 545 729 632 809; x_wconf 80' lang='lat' dir='ltr'><strong>gravi</strong></span> <span class='ocrx_word' id='word_1_15' title='bbox 654 726 767 788; x_wconf 81' lang='lat' dir='ltr'><strong>corde?</strong></span> <span class='ocrx_word' id='word_1_16' title='bbox 790 726 833 788; x_wconf 91' lang='lat' dir='ltr'><strong>Ut</strong></span> <span class='ocrx_word' id='word_1_17' title='bbox 853 726 925 806; x_wconf 92' lang='lat' dir='ltr'><strong>quid</strong></span> <span class='ocrx_word' id='word_1_18' title='bbox 947 725 1072 808; x_wconf 82' lang='lat' dir='ltr'><strong>diligitis</strong></span> <span class='ocrx_word' id='word_1_19' title='bbox 1095 724 1263 784; x_wconf 90' lang='lat' dir='ltr'><strong>vanitatem</strong></span> 
     </span>
     <span class='ocr_line' id='line_1_4' title="bbox 343 805 1263 890; baseline -0.008 -17"><span class='ocrx_word' id='word_1_20' title='bbox 343 820 375 873; x_wconf 87' lang='lat' dir='ltr'><strong>et</strong></span> <span class='ocrx_word' id='word_1_21' title='bbox 395 810 609 872; x_wconf 85' lang='lat' dir='ltr'><strong>mendacium?</strong></span> <span class='ocrx_word' id='word_1_22' title='bbox 630 809 665 870; x_wconf 90' lang='lat' dir='ltr'><strong>ld</strong></span> <span class='ocrx_word' id='word_1_23' title='bbox 687 817 734 870; x_wconf 91' lang='lat' dir='ltr'><strong>est</strong></span> <span class='ocrx_word' id='word_1_24' title='bbox 756 810 877 889; x_wconf 89' lang='lat' dir='ltr'><strong>omnia,</strong></span> <span class='ocrx_word' id='word_1_25' title='bbox 914 828 993 890; x_wconf 92' lang='lat' dir='ltr'><strong>quae</strong></span> <span class='ocrx_word' id='word_1_26' title='bbox 1015 810 1082 876; x_wconf 85' lang='lat' dir='ltr'><strong>sine</strong></span> <span class='ocrx_word' id='word_1_27' title='bbox 1104 805 1200 868; x_wconf 89' lang='lat' dir='ltr'><strong>corde</strong></span> <span class='ocrx_word' id='word_1_28' title='bbox 1222 805 1263 867; x_wconf 85' lang='lat' dir='ltr'><strong>ol-</strong></span> 
     </span>
     <span class='ocr_line' id='line_1_5' title="bbox 341 890 1264 972; baseline -0.008 -17"><span class='ocrx_word' id='word_1_29' title='bbox 341 897 487 969; x_wconf 82' lang='lat' dir='ltr'><strong>faruntur,</strong></span> <span class='ocrx_word' id='word_1_30' title='bbox 509 913 590 954; x_wconf 89' lang='lat' dir='ltr'><strong>vana</strong></span> <span class='ocrx_word' id='word_1_31' title='bbox 611 900 682 954; x_wconf 88' lang='lat' dir='ltr'><strong>sunt</strong></span> <span class='ocrx_word' id='word_1_32' title='bbox 702 900 734 953; x_wconf 90' lang='lat' dir='ltr'><strong>et</strong></span> <span class='ocrx_word' id='word_1_33' title='bbox 754 893 930 971; x_wconf 86' lang='lat' dir='ltr'><strong>mendacia,</strong></span> <span class='ocrx_word' id='word_1_34' title='bbox 961 895 993 952; x_wconf 91' lang='lat' dir='ltr'><strong>iu</strong></span> <span class='ocrx_word' id='word_1_35' title='bbox 1023 890 1131 972; x_wconf 89' lang='lat' dir='ltr'><strong>quibus</strong></span> <span class='ocrx_word' id='word_1_36' title='bbox 1159 897 1264 950; x_wconf 87' lang='lat' dir='ltr'><strong>tamen</strong></span> 
     </span>
     <span class='ocr_line' id='line_1_6' title="bbox 363 976 1265 1055; baseline -0.006 -16"><span class='ocrx_word' id='word_1_37' title='bbox 363 978 515 1039; x_wconf 89' lang='lat' dir='ltr'><strong>loriamini</strong></span> <span class='ocrx_word' id='word_1_38' title='bbox 544 976 583 1036; x_wconf 92' lang='lat' dir='ltr'><strong>ad</strong></span> <span class='ocrx_word' id='word_1_39' title='bbox 610 977 823 1037; x_wconf 84' lang='lat' dir='ltr'><strong>confusionem</strong></span> <span class='ocrx_word' id='word_1_40' title='bbox 845 982 977 1036; x_wconf 84' lang='lat' dir='ltr'><strong>vestram</strong></span> <span class='ocrx_word' id='word_1_41' title='bbox 999 994 1054 1055; x_wconf 90' lang='lat' dir='ltr'><strong>per</strong></span> <span class='ocrx_word' id='word_1_42' title='bbox 1075 993 1130 1034; x_wconf 89' lang='lat' dir='ltr'><strong>cor</strong></span> <span class='ocrx_word' id='word_1_43' title='bbox 1159 991 1265 1054; x_wconf 84' lang='lat' dir='ltr'><strong>grave.</strong></span> 
     </span>
     <span class='ocr_line' id='line_1_7' title="bbox 341 997 1264 1140; baseline -0.003 -21"><span class='ocrx_word' id='word_1_44' title='bbox 341 997 381 1121; x_wconf 58' lang='lat' dir='ltr'><strong>dt</strong></span> <span class='ocrx_word' id='word_1_45' title='bbox 401 1060 450 1120; x_wconf 92' lang='lat' dir='ltr'><strong>Ps.</strong></span> <span class='ocrx_word' id='word_1_46' title='bbox 473 1062 508 1122; x_wconf 71' lang='lat' dir='ltr'><strong>tl:</strong></span> <span class='ocrx_word' id='word_1_47' title='bbox 543 1059 753 1140; x_wconf 70' lang='lat' dir='ltr'><strong>Quadraginta</strong></span> <span class='ocrx_word' id='word_1_48' title='bbox 781 1061 869 1119; x_wconf 88' lang='lat' dir='ltr'><strong>annis</strong></span> <span class='ocrx_word' id='word_1_49' title='bbox 891 1059 1050 1139; x_wconf 88' lang='lat' dir='ltr'><strong>proximus</strong></span> <span class='ocrx_word' id='word_1_50' title='bbox 1072 1058 1114 1117; x_wconf 84' lang='lat' dir='ltr'><strong>fui</strong></span> <span class='ocrx_word' id='word_1_51' title='bbox 1135 1075 1264 1137; x_wconf 82' lang='lat' dir='ltr'><strong>genera</strong></span> 
     </span>
     <span class='ocr_line' id='line_1_8' title="bbox 342 1139 1266 1222; baseline -0.004 -20"><span class='ocrx_word' id='word_1_52' title='bbox 342 1144 418 1203; x_wconf 91' lang='lat' dir='ltr'><strong>tioni</strong></span> <span class='ocrx_word' id='word_1_53' title='bbox 440 1143 524 1222; x_wconf 92' lang='lat' dir='ltr'><strong>huic,</strong></span> <span class='ocrx_word' id='word_1_54' title='bbox 548 1150 579 1203; x_wconf 88' lang='lat' dir='ltr'><strong>at</strong></span> <span class='ocrx_word' id='word_1_55' title='bbox 600 1142 679 1202; x_wconf 83' lang='lat' dir='ltr'><strong>dixi:</strong></span> <span class='ocrx_word' id='word_1_56' title='bbox 714 1141 844 1222; x_wconf 83' lang='lat' dir='ltr'>Semper</span> <span class='ocrx_word' id='word_1_57' title='bbox 865 1141 980 1203; x_wconf 87' lang='lat' dir='ltr'><strong>hebent</strong></span> <span class='ocrx_word' id='word_1_58' title='bbox 1003 1157 1138 1202; x_wconf 89' lang='lat' dir='ltr'><strong>errorem</strong></span> <span class='ocrx_word' id='word_1_59' title='bbox 1160 1139 1266 1216; x_wconf 89' lang='lat' dir='ltr'><strong>corde,</strong></span> 
     </span>
     <span class='ocr_line' id='line_1_9' title="bbox 341 1221 1265 1306; baseline -0.004 -22"><span class='ocrx_word' id='word_1_60' title='bbox 341 1227 402 1306; x_wconf 90' lang='lat' dir='ltr'><strong>ipsi</strong></span> <span class='ocrx_word' id='word_1_61' title='bbox 423 1245 497 1286; x_wconf 88' lang='lat' dir='ltr'><strong>vero</strong></span> <span class='ocrx_word' id='word_1_62' title='bbox 521 1245 583 1286; x_wconf 91' lang='lat' dir='ltr'><strong>nou</strong></span> <span class='ocrx_word' id='word_1_63' title='bbox 608 1231 823 1306; x_wconf 88' lang='lat' dir='ltr'><strong>cognoverunt</strong></span> <span class='ocrx_word' id='word_1_64' title='bbox 843 1228 908 1284; x_wconf 84' lang='lat' dir='ltr'><strong>vias</strong></span> <span class='ocrx_word' id='word_1_65' title='bbox 940 1243 1043 1304; x_wconf 86' lang='lat' dir='ltr'><strong>ineas,</strong></span> <span class='ocrx_word' id='word_1_66' title='bbox 1077 1221 1187 1303; x_wconf 90' lang='lat' dir='ltr'><strong>quibus</strong></span> <span class='ocrx_word' id='word_1_67' title='bbox 1223 1224 1265 1281; x_wconf 93' lang='lat' dir='ltr'><strong>iu-</strong></span> 
     </span>
     <span class='ocr_line' id='line_1_10' title="bbox 341 1305 1265 1387; baseline -0.002 -20"><span class='ocrx_word' id='word_1_68' title='bbox 341 1309 406 1368; x_wconf 85' lang='lat' dir='ltr'><strong>ravi</strong></span> <span class='ocrx_word' id='word_1_69' title='bbox 427 1310 507 1368; x_wconf 91' lang='lat' dir='ltr'><strong>intra</strong></span> <span class='ocrx_word' id='word_1_70' title='bbox 528 1328 587 1387; x_wconf 90' lang='lat' dir='ltr'><strong>me,</strong></span> <span class='ocrx_word' id='word_1_71' title='bbox 610 1311 635 1368; x_wconf 91' lang='lat' dir='ltr'><strong>si</strong></span> <span class='ocrx_word' id='word_1_72' title='bbox 656 1308 825 1369; x_wconf 88' lang='lat' dir='ltr'><strong>introibunt</strong></span> <span class='ocrx_word' id='word_1_73' title='bbox 844 1309 874 1369; x_wconf 91' lang='lat' dir='ltr'><strong>in</strong></span> <span class='ocrx_word' id='word_1_74' title='bbox 895 1309 1032 1386; x_wconf 82' lang='lat' dir='ltr'><strong>requiem</strong></span> <span class='ocrx_word' id='word_1_75' title='bbox 1047 1325 1158 1368; x_wconf 89' lang='lat' dir='ltr'><strong>meam.</strong></span> <span class='ocrx_word' id='word_1_76' title='bbox 1181 1305 1265 1365; x_wconf 82' lang='lat' dir='ltr'><strong>Eece</strong></span> 
     </span>
     <span class='ocr_line' id='line_1_11' title="bbox 343 1390 1266 1472; baseline 0 -22"><span class='ocrx_word' id='word_1_77' title='bbox 343 1392 410 1451; x_wconf 87' lang='lat' dir='ltr'><strong>sine</strong></span> <span class='ocrx_word' id='word_1_78' title='bbox 438 1392 533 1452; x_wconf 90' lang='lat' dir='ltr'><strong>corde</strong></span> <span class='ocrx_word' id='word_1_79' title='bbox 567 1411 689 1472; x_wconf 85' lang='lat' dir='ltr'>semper</span> <span class='ocrx_word' id='word_1_80' title='bbox 710 1398 842 1470; x_wconf 89' lang='lat' dir='ltr'><strong>erratur,</strong></span> <span class='ocrx_word' id='word_1_81' title='bbox 875 1392 920 1450; x_wconf 88' lang='lat' dir='ltr'><strong>ira</strong></span> <span class='ocrx_word' id='word_1_82' title='bbox 947 1391 1122 1467; x_wconf 72' lang='lat' dir='ltr'><strong>incurritur,</strong></span> <span class='ocrx_word' id='word_1_83' title='bbox 1158 1390 1266 1468; x_wconf 89' lang='lat' dir='ltr'><strong>requie</strong></span> 
     </span>
     <span class='ocr_line' id='line_1_12' title="bbox 342 1472 1268 1554; baseline -0.004 -20"><span class='ocrx_word' id='word_1_84' title='bbox 342 1475 492 1554; x_wconf 88' lang='lat' dir='ltr'><strong>privatur,</strong></span> <span class='ocrx_word' id='word_1_85' title='bbox 516 1477 634 1535; x_wconf 81' lang='lat' dir='ltr'><strong>vanitas</strong></span> <span class='ocrx_word' id='word_1_86' title='bbox 663 1476 835 1554; x_wconf 88' lang='lat' dir='ltr'><strong>quaeritur,</strong></span> <span class='ocrx_word' id='word_1_87' title='bbox 858 1474 1050 1534; x_wconf 88' lang='lat' dir='ltr'><strong>mendacium</strong></span> <span class='ocrx_word' id='word_1_88' title='bbox 1079 1472 1215 1552; x_wconf 85' lang='lat' dir='ltr'><strong>diligitur</strong></span> <span class='ocrx_word' id='word_1_89' title='bbox 1237 1479 1268 1531; x_wconf 91' lang='lat' dir='ltr'><strong>et</strong></span> 
     </span>
     <span class='ocr_line' id='line_1_13' title="bbox 343 1555 1266 1639; baseline -0.004 -22"><span class='ocrx_word' id='word_1_90' title='bbox 343 1559 483 1619; x_wconf 85' lang='lat' dir='ltr'><strong>confusio</strong></span> <span class='ocrx_word' id='word_1_91' title='bbox 506 1577 563 1639; x_wconf 88' lang='lat' dir='ltr'><strong>pro</strong></span> <span class='ocrx_word' id='word_1_92' title='bbox 581 1558 681 1639; x_wconf 89' lang='lat' dir='ltr'><strong>gloria</strong></span> <span class='ocrx_word' id='word_1_93' title='bbox 702 1558 866 1636; x_wconf 89' lang='lat' dir='ltr'><strong>quaeritur.</strong></span> <span class='ocrx_word' id='word_1_94' title='bbox 901 1557 989 1620; x_wconf 49' lang='lat' dir='ltr'><strong>¹Nam</strong></span> <span class='ocrx_word' id='word_1_95' title='bbox 1011 1555 1169 1618; x_wconf 87' lang='lat' dir='ltr'><strong>Hebraeus</strong></span> <span class='ocrx_word' id='word_1_96' title='bbox 1199 1561 1266 1616; x_wconf 87' lang='lat' dir='ltr'><strong>tex-</strong></span> 
     </span>
     <span class='ocr_line' id='line_1_14' title="bbox 342 1639 1267 1719; baseline -0.004 -19"><span class='ocrx_word' id='word_1_97' title='bbox 342 1648 391 1700; x_wconf 89' lang='lat' dir='ltr'><strong>tus</strong></span> <span class='ocrx_word' id='word_1_98' title='bbox 413 1642 458 1713; x_wconf 88' lang='lat' dir='ltr'><strong>sic</strong></span> <span class='ocrx_word' id='word_1_99' title='bbox 479 1640 573 1702; x_wconf 90' lang='lat' dir='ltr'><strong>habet</strong></span> <span class='ocrx_word' id='word_1_100' title='bbox 595 1659 732 1700; x_wconf 88' lang='lat' dir='ltr'><strong>sensum:</strong></span> <span class='ocrx_word' id='word_1_101' title='bbox 762 1640 831 1699; x_wconf 88' lang='lat' dir='ltr'><strong>Filii</strong></span> <span class='ocrx_word' id='word_1_102' title='bbox 858 1640 913 1699; x_wconf 89' lang='lat' dir='ltr'><strong>viri</strong></span> <span class='ocrx_word' id='word_1_103' title='bbox 935 1657 1033 1719; x_wconf 91' lang='lat' dir='ltr'><strong>usque</strong></span> <span class='ocrx_word' id='word_1_104' title='bbox 1055 1658 1115 1718; x_wconf 91' lang='lat' dir='ltr'><strong>quo</strong></span> <span class='ocrx_word' id='word_1_105' title='bbox 1138 1639 1267 1718; x_wconf 84' lang='lat' dir='ltr'><strong>gloriosi</strong></span> 
     </span>
     <span class='ocr_line' id='line_1_15' title="bbox 344 1721 1267 1802; baseline -0.003 -19"><span class='ocrx_word' id='word_1_106' title='bbox 344 1725 419 1786; x_wconf 87' lang='lat' dir='ltr'><strong>estis</strong></span> <span class='ocrx_word' id='word_1_107' title='bbox 446 1725 477 1782; x_wconf 94' lang='lat' dir='ltr'><strong>in</strong></span> <span class='ocrx_word' id='word_1_108' title='bbox 498 1725 553 1802; x_wconf 88' lang='lat' dir='ltr'><strong>iis,</strong></span> <span class='ocrx_word' id='word_1_109' title='bbox 585 1743 663 1802; x_wconf 92' lang='lat' dir='ltr'><strong>quae</strong></span> <span class='ocrx_word' id='word_1_110' title='bbox 685 1722 724 1782; x_wconf 91' lang='lat' dir='ltr'><strong>ad</strong></span> <span class='ocrx_word' id='word_1_111' title='bbox 746 1723 946 1802; x_wconf 88' lang='lat' dir='ltr'><strong>ignominiam</strong></span> <span class='ocrx_word' id='word_1_112' title='bbox 969 1722 1058 1783; x_wconf 88' lang='lat' dir='ltr'><strong>sunt?</strong></span> <span class='ocrx_word' id='word_1_113' title='bbox 1093 1723 1172 1782; x_wconf 89' lang='lat' dir='ltr'><strong>Dum</strong></span> <span class='ocrx_word' id='word_1_114' title='bbox 1199 1721 1267 1781; x_wconf 92' lang='lat' dir='ltr'><strong>dili-</strong></span> 
     </span>
     <span class='ocr_line' id='line_1_16' title="bbox 344 1805 1165 1886; baseline -0.002 -20"><span class='ocrx_word' id='word_1_115' title='bbox 344 1806 415 1886; x_wconf 84' lang='lat' dir='ltr'><strong>gitis</strong></span> <span class='ocrx_word' id='word_1_116' title='bbox 438 1808 604 1867; x_wconf 89' lang='lat' dir='ltr'><strong>vanitatem</strong></span> <span class='ocrx_word' id='word_1_117' title='bbox 627 1813 658 1866; x_wconf 89' lang='lat' dir='ltr'><strong>et</strong></span> <span class='ocrx_word' id='word_1_118' title='bbox 678 1806 823 1885; x_wconf 89' lang='lat' dir='ltr'><strong>quaeritis</strong></span> <span class='ocrx_word' id='word_1_119' title='bbox 847 1805 1049 1867; x_wconf 87' lang='lat' dir='ltr'><strong>mendacium.</strong></span> <span class='ocrx_word' id='word_1_120' title='bbox 1164 1859 1165 1864; x_wconf 73' lang='grc'>,</span> 
     </span>
    </p>

    <p class='ocr_par' dir='ltr' id='par_1_3' title="bbox 271 1887 1273 4047">
     <span class='ocr_line' id='line_1_17' title="bbox 427 1887 1269 1950; baseline -0.006 0"><span class='ocrx_word' id='word_1_121' title='bbox 427 1889 478 1950; x_wconf 77' lang='lat' dir='ltr'><strong>Sic</strong></span> <span class='ocrx_word' id='word_1_122' title='bbox 499 1889 709 1950; x_wconf 77' lang='lat' dir='ltr'><strong>dedicationes</strong></span> <span class='ocrx_word' id='word_1_123' title='bbox 743 1890 942 1950; x_wconf 87' lang='lat' dir='ltr'><strong>ecclesiarum</strong></span> <span class='ocrx_word' id='word_1_124' title='bbox 964 1890 996 1948; x_wconf 94' lang='lat' dir='ltr'><strong>in</strong></span> <span class='ocrx_word' id='word_1_125' title='bbox 1025 1887 1208 1948; x_wconf 88' lang='lat' dir='ltr'><strong>ceremoniis</strong></span> <span class='ocrx_word' id='word_1_126' title='bbox 1237 1893 1269 1946; x_wconf 89' lang='lat' dir='ltr'><strong>et</strong></span> 
     </span>
     <span class='ocr_line' id='line_1_18' title="bbox 344 1969 1266 2052; baseline -0.004 -20"><span class='ocrx_word' id='word_1_127' title='bbox 344 1974 478 2033; x_wconf 82' lang='lat' dir='ltr'><strong>externis</strong></span> <span class='ocrx_word' id='word_1_128' title='bbox 502 1972 732 2052; x_wconf 86' lang='lat' dir='ltr'><strong>operationibus</strong></span> <span class='ocrx_word' id='word_1_129' title='bbox 753 1973 843 2052; x_wconf 87' lang='lat' dir='ltr'><strong>signa</strong></span> <span class='ocrx_word' id='word_1_130' title='bbox 872 1978 943 2032; x_wconf 91' lang='lat' dir='ltr'><strong>sunt</strong></span> <span class='ocrx_word' id='word_1_131' title='bbox 970 1971 1072 2032; x_wconf 88' lang='lat' dir='ltr'><strong>cordis</strong></span> <span class='ocrx_word' id='word_1_132' title='bbox 1101 1969 1266 2030; x_wconf 90' lang='lat' dir='ltr'><strong>dedicandi</strong></span> 
     </span>
     <span class='ocr_line' id='line_1_19' title="bbox 344 2051 1265 2135; baseline -0.002 -20"><span class='ocrx_word' id='word_1_133' title='bbox 344 2056 421 2115; x_wconf 89' lang='lat' dir='ltr'><strong>Deo.</strong></span> <span class='ocrx_word' id='word_1_134' title='bbox 450 2053 529 2130; x_wconf 75' lang='lat' dir='ltr'><strong>Quid</strong></span> <span class='ocrx_word' id='word_1_135' title='bbox 553 2056 634 2115; x_wconf 93' lang='lat' dir='ltr'><strong>enim</strong></span> <span class='ocrx_word' id='word_1_136' title='bbox 646 2056 729 2115; x_wconf 92' lang='lat' dir='ltr'><strong>Deus</strong></span> <span class='ocrx_word' id='word_1_137' title='bbox 752 2055 898 2135; x_wconf 87' lang='lat' dir='ltr'><strong>templum</strong></span> <span class='ocrx_word' id='word_1_138' title='bbox 922 2056 1001 2134; x_wconf 86' lang='lat' dir='ltr'><strong>signi</strong></span> <span class='ocrx_word' id='word_1_139' title='bbox 1023 2060 1117 2132; x_wconf 87' lang='lat' dir='ltr'><strong>curat,</strong></span> <span class='ocrx_word' id='word_1_140' title='bbox 1140 2051 1265 2132; x_wconf 89' lang='lat' dir='ltr'><strong>quaudo</strong></span> 
     </span>
     <span class='ocr_line' id='line_1_20' title="bbox 344 2135 1266 2219; baseline 0 -23"><span class='ocrx_word' id='word_1_141' title='bbox 344 2138 492 2217; x_wconf 85' lang='lat' dir='ltr'><strong>templum</strong></span> <span class='ocrx_word' id='word_1_142' title='bbox 521 2140 632 2219; x_wconf 87' lang='lat' dir='ltr'><strong>signati</strong></span> <span class='ocrx_word' id='word_1_143' title='bbox 662 2157 725 2198; x_wconf 92' lang='lat' dir='ltr'><strong>non</strong></span> <span class='ocrx_word' id='word_1_144' title='bbox 754 2137 870 2198; x_wconf 85' lang='lat' dir='ltr'><strong>habet?</strong></span> <span class='ocrx_word' id='word_1_145' title='bbox 913 2137 993 2212; x_wconf 75' lang='lat' dir='ltr'><strong>Quid</strong></span> <span class='ocrx_word' id='word_1_146' title='bbox 1024 2137 1140 2198; x_wconf 80' lang='lat' dir='ltr'><strong>iaceret</strong></span> <span class='ocrx_word' id='word_1_147' title='bbox 1170 2135 1266 2197; x_wconf 90' lang='lat' dir='ltr'><strong>homo</strong></span> 
     </span>
     <span class='ocr_line' id='line_1_21' title="bbox 344 2220 1269 2301; baseline -0.001 -22"><span class='ocrx_word' id='word_1_148' title='bbox 344 2221 470 2299; x_wconf 93' lang='lat' dir='ltr'><strong>homini,</strong></span> <span class='ocrx_word' id='word_1_149' title='bbox 493 2222 518 2281; x_wconf 93' lang='lat' dir='ltr'><strong>si</strong></span> <span class='ocrx_word' id='word_1_150' title='bbox 541 2222 706 2300; x_wconf 85' lang='lat' dir='ltr'><strong>quotannis</strong></span> <span class='ocrx_word' id='word_1_151' title='bbox 727 2222 757 2279; x_wconf 94' lang='lat' dir='ltr'><strong>in</strong></span> <span class='ocrx_word' id='word_1_152' title='bbox 781 2222 906 2301; x_wconf 89' lang='lat' dir='ltr'><strong>negotio</strong></span> <span class='ocrx_word' id='word_1_153' title='bbox 930 2221 1007 2281; x_wconf 90' lang='lat' dir='ltr'><strong>alter</strong></span> <span class='ocrx_word' id='word_1_154' title='bbox 1028 2220 1116 2280; x_wconf 88' lang='lat' dir='ltr'><strong>alteri</strong></span> <span class='ocrx_word' id='word_1_155' title='bbox 1136 2220 1269 2298; x_wconf 86' lang='lat' dir='ltr'><strong>registra</strong></span> 
     </span>
     <span class='ocr_line' id='line_1_22' title="bbox 345 2301 1268 2381; baseline -0.002 -18"><span class='ocrx_word' id='word_1_156' title='bbox 345 2309 378 2364; x_wconf 89' lang='lat' dir='ltr'><strong>et</strong></span> <span class='ocrx_word' id='word_1_157' title='bbox 398 2303 482 2363; x_wconf 92' lang='lat' dir='ltr'><strong>dicas</strong></span> <span class='ocrx_word' id='word_1_158' title='bbox 505 2303 628 2364; x_wconf 85' lang='lat' dir='ltr'><strong>afferret</strong></span> <span class='ocrx_word' id='word_1_159' title='bbox 640 2311 671 2364; x_wconf 88' lang='lat' dir='ltr'><strong>et</strong></span> <span class='ocrx_word' id='word_1_160' title='bbox 684 2302 831 2366; x_wconf 88' lang='lat' dir='ltr'><strong>scriberet</strong></span> <span class='ocrx_word' id='word_1_161' title='bbox 851 2303 954 2365; x_wconf 89' lang='lat' dir='ltr'><strong>debita</strong></span> <span class='ocrx_word' id='word_1_162' title='bbox 974 2311 1006 2364; x_wconf 89' lang='lat' dir='ltr'><strong>et</strong></span> <span class='ocrx_word' id='word_1_163' title='bbox 1015 2301 1166 2381; x_wconf 86' lang='lat' dir='ltr'><strong>facienda,</strong></span> <span class='ocrx_word' id='word_1_164' title='bbox 1191 2321 1268 2362; x_wconf 91' lang='lat' dir='ltr'><strong>nun-</strong></span> 
     </span>
     <span class='ocr_line' id='line_1_23' title="bbox 347 2386 1269 2483; baseline -0.002 -36"><span class='ocrx_word' id='word_1_165' title='bbox 347 2406 437 2467; x_wconf 91' lang='lat' dir='ltr'><strong>quam</strong></span> <span class='ocrx_word' id='word_1_166' title='bbox 460 2396 563 2449; x_wconf 90' lang='lat' dir='ltr'><strong>tamen</strong></span> <span class='ocrx_word' id='word_1_167' title='bbox 585 2388 722 2448; x_wconf 85' lang='lat' dir='ltr'><strong>faceret?</strong></span> <span class='ocrx_word' id='word_1_168' title='bbox 764 2387 876 2448; x_wconf 88' lang='lat' dir='ltr'><strong>Nonne</strong></span> <span class='ocrx_word' id='word_1_169' title='bbox 903 2386 955 2447; x_wconf 88' lang='lat' dir='ltr'><strong>ille</strong></span> <span class='ocrx_word' id='word_1_170' title='bbox 984 2387 1083 2483; x_wconf 81' lang='lat' dir='ltr'><strong>solpm</strong></span> <span class='ocrx_word' id='word_1_171' title='bbox 1117 2388 1205 2466; x_wconf 89' lang='lat' dir='ltr'><strong>signa</strong></span> <span class='ocrx_word' id='word_1_172' title='bbox 1236 2393 1269 2445; x_wconf 89' lang='lat' dir='ltr'><strong>et</strong></span> 
     </span>
     <span class='ocr_line' id='line_1_24' title="bbox 344 2468 1265 2551; baseline -0.002 -21"><span class='ocrx_word' id='word_1_173' title='bbox 344 2471 439 2531; x_wconf 84' lang='lat' dir='ltr'><strong>verba</strong></span> <span class='ocrx_word' id='word_1_174' title='bbox 470 2471 593 2532; x_wconf 90' lang='lat' dir='ltr'><strong>tandem</strong></span> <span class='ocrx_word' id='word_1_175' title='bbox 628 2477 787 2551; x_wconf 87' lang='lat' dir='ltr'><strong>pertaesus</strong></span> <span class='ocrx_word' id='word_1_176' title='bbox 824 2478 980 2549; x_wconf 86' lang='lat' dir='ltr'><strong>rumperet</strong></span> <span class='ocrx_word' id='word_1_177' title='bbox 1012 2470 1100 2530; x_wconf 86' lang='lat' dir='ltr'><strong>simul</strong></span> <span class='ocrx_word' id='word_1_178' title='bbox 1137 2468 1265 2529; x_wconf 88' lang='lat' dir='ltr'><strong>omnia?</strong></span> 
     </span>
     <span class='ocr_line' id='line_1_25' title="bbox 345 2552 1266 2633; baseline 0 -20"><span class='ocrx_word' id='word_1_179' title='bbox 345 2552 468 2614; x_wconf 78' lang='lat' dir='ltr'><strong>Certum</strong></span> <span class='ocrx_word' id='word_1_180' title='bbox 501 2556 582 2614; x_wconf 91' lang='lat' dir='ltr'><strong>enim</strong></span> <span class='ocrx_word' id='word_1_181' title='bbox 615 2560 676 2633; x_wconf 90' lang='lat' dir='ltr'><strong>est,</strong></span> <span class='ocrx_word' id='word_1_182' title='bbox 709 2554 770 2613; x_wconf 85' lang='lat' dir='ltr'><strong>hoc</strong></span> <span class='ocrx_word' id='word_1_183' title='bbox 792 2554 876 2613; x_wconf 90' lang='lat' dir='ltr'><strong>nolle</strong></span> <span class='ocrx_word' id='word_1_184' title='bbox 898 2554 1054 2613; x_wconf 87' lang='lat' dir='ltr'><strong>hominem</strong></span> <span class='ocrx_word' id='word_1_185' title='bbox 1077 2552 1116 2615; x_wconf 88' lang='lat' dir='ltr'><strong>ab</strong></span> <span class='ocrx_word' id='word_1_186' title='bbox 1139 2552 1266 2613; x_wconf 87' lang='lat' dir='ltr'><strong>homine</strong></span> 
     </span>
     <span class='ocr_line' id='line_1_26' title="bbox 345 2635 1273 2714; baseline -0.004 -16"><span class='ocrx_word' id='word_1_187' title='bbox 345 2638 510 2714; x_wconf 85' lang='lat' dir='ltr'><strong>sustinere,</strong></span> <span class='ocrx_word' id='word_1_188' title='bbox 539 2645 570 2697; x_wconf 91' lang='lat' dir='ltr'><strong>et</strong></span> <span class='ocrx_word' id='word_1_189' title='bbox 596 2645 699 2697; x_wconf 90' lang='lat' dir='ltr'><strong>tamen</strong></span> <span class='ocrx_word' id='word_1_190' title='bbox 721 2637 803 2696; x_wconf 90' lang='lat' dir='ltr'><strong>Deus</strong></span> <span class='ocrx_word' id='word_1_191' title='bbox 831 2636 924 2697; x_wconf 90' lang='lat' dir='ltr'><strong>debet</strong></span> <span class='ocrx_word' id='word_1_192' title='bbox 944 2636 1004 2697; x_wconf 91' lang='lat' dir='ltr'><strong>hcc</strong></span> <span class='ocrx_word' id='word_1_193' title='bbox 1031 2635 1154 2695; x_wconf 90' lang='lat' dir='ltr'><strong>assidue</strong></span> <span class='ocrx_word' id='word_1_194' title='bbox 1176 2636 1273 2713; x_wconf 71' lang='lat' dir='ltr'><strong>susti,</strong></span> 
     </span>
     <span class='ocr_line' id='line_1_27' title="bbox 344 2718 1265 2799; baseline -0.002 -20"><span class='ocrx_word' id='word_1_195' title='bbox 344 2738 428 2781; x_wconf 83' lang='lat' dir='ltr'><strong>nere.</strong></span> <span class='ocrx_word' id='word_1_196' title='bbox 472 2719 544 2780; x_wconf 91' lang='lat' dir='ltr'><strong>ldeo</strong></span> <span class='ocrx_word' id='word_1_197' title='bbox 567 2738 640 2780; x_wconf 91' lang='lat' dir='ltr'><strong>ecce</strong></span> <span class='ocrx_word' id='word_1_198' title='bbox 661 2718 710 2796; x_wconf 89' lang='lat' dir='ltr'><strong>flt,</strong></span> <span class='ocrx_word' id='word_1_199' title='bbox 740 2726 773 2779; x_wconf 87' lang='lat' dir='ltr'><strong>ut</strong></span> <span class='ocrx_word' id='word_1_200' title='bbox 800 2720 922 2799; x_wconf 87' lang='lat' dir='ltr'><strong>saepius</strong></span> <span class='ocrx_word' id='word_1_201' title='bbox 951 2720 1176 2779; x_wconf 86' lang='lat' dir='ltr'><strong>ecclesiasticas</strong></span> <span class='ocrx_word' id='word_1_202' title='bbox 1208 2718 1265 2777; x_wconf 85' lang='lat' dir='ltr'><strong>ful·</strong></span> 
     </span>
     <span class='ocr_line' id='line_1_28' title="bbox 346 2801 1266 2882; baseline -0.001 -20"><span class='ocrx_word' id='word_1_203' title='bbox 346 2804 441 2863; x_wconf 89' lang='lat' dir='ltr'><strong>minet</strong></span> <span class='ocrx_word' id='word_1_204' title='bbox 463 2820 553 2881; x_wconf 91' lang='lat' dir='ltr'><strong>quam</strong></span> <span class='ocrx_word' id='word_1_205' title='bbox 575 2803 651 2862; x_wconf 89' lang='lat' dir='ltr'><strong>alias</strong></span> <span class='ocrx_word' id='word_1_206' title='bbox 674 2801 799 2881; x_wconf 90' lang='lat' dir='ltr'><strong>domus,</strong></span> <span class='ocrx_word' id='word_1_207' title='bbox 828 2802 911 2881; x_wconf 92' lang='lat' dir='ltr'><strong>quod</strong></span> <span class='ocrx_word' id='word_1_208' title='bbox 938 2802 987 2862; x_wconf 92' lang='lat' dir='ltr'><strong>hic</strong></span> <span class='ocrx_word' id='word_1_209' title='bbox 1009 2802 1181 2862; x_wconf 87' lang='lat' dir='ltr'><strong>vanissimis</strong></span> <span class='ocrx_word' id='word_1_210' title='bbox 1205 2802 1266 2882; x_wconf 87' lang='lat' dir='ltr'><strong>eig-</strong></span> 
     </span>
     <span class='ocr_line' id='line_1_29' title="bbox 345 2883 1265 2965; baseline 0.002 -21"><span class='ocrx_word' id='word_1_211' title='bbox 345 2887 392 2944; x_wconf 90' lang='lat' dir='ltr'><strong>nis</strong></span> <span class='ocrx_word' id='word_1_212' title='bbox 424 2891 542 2945; x_wconf 88' lang='lat' dir='ltr'><strong>tantum</strong></span> <span class='ocrx_word' id='word_1_213' title='bbox 574 2887 707 2946; x_wconf 89' lang='lat' dir='ltr'><strong>irritatur</strong></span> <span class='ocrx_word' id='word_1_214' title='bbox 734 2886 836 2945; x_wconf 83' lang='lat' dir='ltr'><strong>verius</strong></span> <span class='ocrx_word' id='word_1_215' title='bbox 865 2904 956 2965; x_wconf 90' lang='lat' dir='ltr'><strong>quam</strong></span> <span class='ocrx_word' id='word_1_216' title='bbox 979 2886 1097 2947; x_wconf 87' lang='lat' dir='ltr'><strong>colitur.</strong></span> <span class='ocrx_word' id='word_1_217' title='bbox 1140 2883 1204 2963; x_wconf 71' lang='lat' dir='ltr'><strong>Sed</strong></span> <span class='ocrx_word' id='word_1_218' title='bbox 1224 2884 1265 2946; x_wconf 90' lang='lat' dir='ltr'><strong>ad</strong></span> 
     </span>
     <span class='ocr_line' id='line_1_30' title="bbox 347 2968 1266 3049; baseline -0.001 -21"><span class='ocrx_word' id='word_1_219' title='bbox 347 2968 538 3049; x_wconf 85' lang='lat' dir='ltr'><strong>evangelium</strong></span> <span class='ocrx_word' id='word_1_220' title='bbox 563 2976 749 3029; x_wconf 86' lang='lat' dir='ltr'><strong>revertamur</strong></span> <span class='ocrx_word' id='word_1_221' title='bbox 772 2975 803 3028; x_wconf 91' lang='lat' dir='ltr'><strong>et</strong></span> <span class='ocrx_word' id='word_1_222' title='bbox 830 2975 1012 3045; x_wconf 78' lang='lat' dir='ltr'><strong>scrutemur,</strong></span> <span class='ocrx_word' id='word_1_223' title='bbox 1043 2968 1266 3047; x_wconf 84' lang='lat' dir='ltr'><strong>videamusque</strong></span> 
     </span>
     <span class='ocr_line' id='line_1_31' title="bbox 349 3049 1265 3133; baseline 0.001 -23"><span class='ocrx_word' id='word_1_224' title='bbox 349 3051 498 3111; x_wconf 89' lang='lat' dir='ltr'><strong>mirabilia</strong></span> <span class='ocrx_word' id='word_1_225' title='bbox 520 3049 558 3111; x_wconf 91' lang='lat' dir='ltr'><strong>de</strong></span> <span class='ocrx_word' id='word_1_226' title='bbox 578 3052 649 3133; x_wconf 91' lang='lat' dir='ltr'><strong>lege</strong></span> <span class='ocrx_word' id='word_1_227' title='bbox 672 3052 738 3111; x_wconf 91' lang='lat' dir='ltr'><strong>Dei.</strong></span> <span class='ocrx_word' id='word_1_228' title='bbox 761 3051 908 3111; x_wconf 89' lang='lat' dir='ltr'><strong>Videmus</strong></span> <span class='ocrx_word' id='word_1_229' title='bbox 930 3050 979 3111; x_wconf 91' lang='lat' dir='ltr'><strong>hic</strong></span> <span class='ocrx_word' id='word_1_230' title='bbox 988 3050 1138 3111; x_wconf 83' lang='lat' dir='ltr'><strong>Christum</strong></span> <span class='ocrx_word' id='word_1_231' title='bbox 1161 3070 1265 3111; x_wconf 88' lang='lat' dir='ltr'><strong>meum</strong></span> 
     </span>
     <span class='ocr_line' id='line_1_32' title="bbox 347 3132 1266 3214; baseline 0 -21"><span class='ocrx_word' id='word_1_232' title='bbox 347 3132 484 3195; x_wconf 91' lang='lat' dir='ltr'><strong>cordium</strong></span> <span class='ocrx_word' id='word_1_233' title='bbox 522 3134 654 3195; x_wconf 92' lang='lat' dir='ltr'><strong>indicem</strong></span> <span class='ocrx_word' id='word_1_234' title='bbox 681 3140 714 3194; x_wconf 90' lang='lat' dir='ltr'><strong>et</strong></span> <span class='ocrx_word' id='word_1_235' title='bbox 742 3135 855 3194; x_wconf 91' lang='lat' dir='ltr'><strong>nullius</strong></span> <span class='ocrx_word' id='word_1_236' title='bbox 891 3153 1043 3214; x_wconf 86' lang='lat' dir='ltr'><strong>personae</strong></span> <span class='ocrx_word' id='word_1_237' title='bbox 1071 3135 1147 3196; x_wconf 84' lang='lat' dir='ltr'><strong>i.¹e.</strong></span> <span class='ocrx_word' id='word_1_238' title='bbox 1174 3133 1266 3194; x_wconf 83' lang='lat' dir='ltr'><strong>faciei</strong></span> 
     </span>
     <span class='ocr_line' id='line_1_33' title="bbox 271 3217 1266 3297; baseline 0.003 -22"><span class='ocrx_word' id='word_1_239' title='bbox 271 3268 276 3282; x_wconf 86' lang='grc'><em>,</em></span> <span class='ocrx_word' id='word_1_240' title='bbox 341 3218 412 3276; x_wconf 88' lang='lat' dir='ltr'><strong>sive</strong></span> <span class='ocrx_word' id='word_1_241' title='bbox 434 3217 534 3277; x_wconf 91' lang='lat' dir='ltr'><strong>bonae</strong></span> <span class='ocrx_word' id='word_1_242' title='bbox 556 3219 621 3280; x_wconf 83' lang='lat' dir='ltr'><strong>sive</strong></span> <span class='ocrx_word' id='word_1_243' title='bbox 643 3218 743 3277; x_wconf 90' lang='lat' dir='ltr'><strong>malae</strong></span> <span class='ocrx_word' id='word_1_244' title='bbox 765 3224 992 3297; x_wconf 75' lang='lat' dir='ltr'><strong>respectorem3</strong></span> <span class='ocrx_word' id='word_1_245' title='bbox 1019 3236 1090 3276; x_wconf 89' lang='lat' dir='ltr'><strong>nam</strong></span> <span class='ocrx_word' id='word_1_246' title='bbox 1113 3219 1138 3277; x_wconf 93' lang='lat' dir='ltr'><strong>si</strong></span> <span class='ocrx_word' id='word_1_247' title='bbox 1159 3236 1266 3297; x_wconf 85' lang='lat' dir='ltr'><strong>perso-</strong></span> 
     </span>
     <span class='ocr_line' id='line_1_34' title="bbox 345 3300 1267 3381; baseline 0.002 -22"><span class='ocrx_word' id='word_1_248' title='bbox 345 3318 417 3360; x_wconf 90' lang='lat' dir='ltr'><strong>nam</strong></span> <span class='ocrx_word' id='word_1_249' title='bbox 438 3303 640 3381; x_wconf 73' lang='lat' dir='ltr'><strong>respexisset,</strong></span> <span class='ocrx_word' id='word_1_250' title='bbox 674 3300 783 3360; x_wconf 88' lang='lat' dir='ltr'><strong>melior</strong></span> <span class='ocrx_word' id='word_1_251' title='bbox 808 3300 862 3360; x_wconf 89' lang='lat' dir='ltr'><strong>illa</strong></span> <span class='ocrx_word' id='word_1_252' title='bbox 891 3308 956 3360; x_wconf 88' lang='lat' dir='ltr'><strong>erat</strong></span> <span class='ocrx_word' id='word_1_253' title='bbox 984 3319 1090 3361; x_wconf 89' lang='lat' dir='ltr'><strong>eorum</strong></span> <span class='ocrx_word' id='word_1_254' title='bbox 1111 3301 1163 3379; x_wconf 92' lang='lat' dir='ltr'><strong>qui</strong></span> <span class='ocrx_word' id='word_1_255' title='bbox 1187 3320 1267 3361; x_wconf 92' lang='lat' dir='ltr'><strong>mur-</strong></span> 
     </span>
     <span class='ocr_line' id='line_1_35' title="bbox 346 3382 1266 3464; baseline 0.002 -22"><span class='ocrx_word' id='word_1_256' title='bbox 346 3384 520 3463; x_wconf 89' lang='lat' dir='ltr'><strong>murabant,</strong></span> <span class='ocrx_word' id='word_1_257' title='bbox 551 3402 642 3464; x_wconf 91' lang='lat' dir='ltr'><strong>quam</strong></span> <span class='ocrx_word' id='word_1_258' title='bbox 671 3382 710 3444; x_wconf 87' lang='lat' dir='ltr'><strong>ad</strong></span> <span class='ocrx_word' id='word_1_259' title='bbox 738 3392 933 3462; x_wconf 87' lang='lat' dir='ltr'><strong>peccatorem</strong></span> <span class='ocrx_word' id='word_1_260' title='bbox 962 3382 1152 3461; x_wconf 83' lang='lat' dir='ltr'><strong>divertisset,</strong></span> <span class='ocrx_word' id='word_1_261' title='bbox 1186 3402 1266 3463; x_wconf 90' lang='lat' dir='ltr'><strong>quos</strong></span> 
     </span>
     <span class='ocr_line' id='line_1_36' title="bbox 343 3466 1266 3547; baseline 0.001 -21"><span class='ocrx_word' id='word_1_262' title='bbox 343 3473 448 3527; x_wconf 89' lang='lat' dir='ltr'><strong>tamen</strong></span> <span class='ocrx_word' id='word_1_263' title='bbox 470 3466 613 3544; x_wconf 88' lang='lat' dir='ltr'><strong>deseruit,</strong></span> <span class='ocrx_word' id='word_1_264' title='bbox 636 3468 723 3547; x_wconf 89' lang='lat' dir='ltr'><strong>peior</strong></span> <span class='ocrx_word' id='word_1_265' title='bbox 748 3472 815 3526; x_wconf 89' lang='lat' dir='ltr'><strong>erat</strong></span> <span class='ocrx_word' id='word_1_266' title='bbox 835 3466 1008 3545; x_wconf 88' lang='lat' dir='ltr'><strong>Zachaeus,</strong></span> <span class='ocrx_word' id='word_1_267' title='bbox 1042 3485 1133 3547; x_wconf 88' lang='lat' dir='ltr'><strong>quem</strong></span> <span class='ocrx_word' id='word_1_268' title='bbox 1160 3472 1266 3527; x_wconf 86' lang='lat' dir='ltr'><strong>tamen</strong></span> 
     </span>
     <span class='ocr_line' id='line_1_37' title="bbox 343 3550 1265 3629; baseline 0.001 -20"><span class='ocrx_word' id='word_1_269' title='bbox 343 3568 407 3610; x_wconf 90' lang='lat' dir='ltr'><strong>non</strong></span> <span class='ocrx_word' id='word_1_270' title='bbox 430 3552 543 3609; x_wconf 86' lang='lat' dir='ltr'><strong>veritus</strong></span> <span class='ocrx_word' id='word_1_271' title='bbox 566 3557 621 3610; x_wconf 88' lang='lat' dir='ltr'><strong>est.</strong></span> <span class='ocrx_word' id='word_1_272' title='bbox 663 3550 710 3609; x_wconf 94' lang='lat' dir='ltr'><strong>llli</strong></span> <span class='ocrx_word' id='word_1_273' title='bbox 733 3550 814 3610; x_wconf 89' lang='lat' dir='ltr'><strong>enim</strong></span> <span class='ocrx_word' id='word_1_274' title='bbox 837 3550 1042 3629; x_wconf 87' lang='lat' dir='ltr'><strong>sequebantur</strong></span> <span class='ocrx_word' id='word_1_275' title='bbox 1070 3570 1139 3610; x_wconf 90' lang='lat' dir='ltr'><strong>euru</strong></span> <span class='ocrx_word' id='word_1_276' title='bbox 1162 3558 1193 3610; x_wconf 89' lang='lat' dir='ltr'><strong>et</strong></span> <span class='ocrx_word' id='word_1_277' title='bbox 1214 3569 1265 3610; x_wconf 88' lang='lat' dir='ltr'><strong>cu-</strong></span> 
     </span>
     <span class='ocr_line' id='line_1_38' title="bbox 344 3632 1266 3713; baseline 0.003 -23"><span class='ocrx_word' id='word_1_278' title='bbox 344 3632 480 3711; x_wconf 86' lang='lat' dir='ltr'><strong>piebant,</strong></span> <span class='ocrx_word' id='word_1_279' title='bbox 503 3633 553 3692; x_wconf 89' lang='lat' dir='ltr'><strong>hic</strong></span> <span class='ocrx_word' id='word_1_280' title='bbox 574 3640 641 3692; x_wconf 89' lang='lat' dir='ltr'><strong>erat</strong></span> <span class='ocrx_word' id='word_1_281' title='bbox 656 3634 799 3713; x_wconf 85' lang='lat' dir='ltr'><strong>princeps</strong></span> <span class='ocrx_word' id='word_1_282' title='bbox 827 3632 1076 3713; x_wconf 86' lang='lat' dir='ltr'><strong>publicanorum,</strong></span> <span class='ocrx_word' id='word_1_283' title='bbox 1106 3632 1151 3692; x_wconf 91' lang='lat' dir='ltr'><strong>illi</strong></span> <span class='ocrx_word' id='word_1_284' title='bbox 1178 3632 1266 3711; x_wconf 89' lang='lat' dir='ltr'><strong>boni,</strong></span> 
     </span>
     <span class='ocr_line' id='line_1_39' title="bbox 345 3715 1266 3795; baseline 0.004 -22"><span class='ocrx_word' id='word_1_285' title='bbox 345 3715 396 3775; x_wconf 89' lang='lat' dir='ltr'><strong>hic</strong></span> <span class='ocrx_word' id='word_1_286' title='bbox 417 3716 524 3778; x_wconf 87' lang='lat' dir='ltr'><strong>malus.</strong></span> <span class='ocrx_word' id='word_1_287' title='bbox 568 3715 618 3776; x_wconf 82' lang='lat' dir='ltr'><strong>Ex</strong></span> <span class='ocrx_word' id='word_1_288' title='bbox 639 3734 700 3795; x_wconf 93' lang='lat' dir='ltr'><strong>quo</strong></span> <span class='ocrx_word' id='word_1_289' title='bbox 722 3716 753 3775; x_wconf 91' lang='lat' dir='ltr'><strong>id</strong></span> <span class='ocrx_word' id='word_1_290' title='bbox 778 3716 960 3777; x_wconf 86' lang='lat' dir='ltr'><strong>miraculum·</strong></span> <span class='ocrx_word' id='word_1_291' title='bbox 977 3715 1153 3793; x_wconf 84' lang='lat' dir='ltr'><strong>conficitur,</strong></span> <span class='ocrx_word' id='word_1_292' title='bbox 1180 3717 1266 3794; x_wconf 92' lang='lat' dir='ltr'><strong>quod</strong></span> 
     </span>
     <span class='ocr_line' id='line_1_40' title="bbox 342 3798 1265 3878; baseline 0.003 -22"><span class='ocrx_word' id='word_1_293' title='bbox 342 3798 397 3876; x_wconf 90' lang='lat' dir='ltr'><strong>qui</strong></span> <span class='ocrx_word' id='word_1_294' title='bbox 419 3800 543 3877; x_wconf 91' lang='lat' dir='ltr'><strong>cupiunt</strong></span> <span class='ocrx_word' id='word_1_295' title='bbox 566 3798 728 3875; x_wconf 83' lang='lat' dir='ltr'><strong>Christum,</strong></span> <span class='ocrx_word' id='word_1_296' title='bbox 750 3816 813 3859; x_wconf 89' lang='lat' dir='ltr'><strong>non</strong></span> <span class='ocrx_word' id='word_1_297' title='bbox 838 3800 972 3878; x_wconf 87' lang='lat' dir='ltr'><strong>cupiunt,</strong></span> <span class='ocrx_word' id='word_1_298' title='bbox 1003 3806 1033 3859; x_wconf 90' lang='lat' dir='ltr'><strong>et</strong></span> <span class='ocrx_word' id='word_1_299' title='bbox 1055 3800 1106 3878; x_wconf 90' lang='lat' dir='ltr'><strong>qui</strong></span> <span class='ocrx_word' id='word_1_300' title='bbox 1128 3817 1190 3858; x_wconf 91' lang='lat' dir='ltr'><strong>non</strong></span> <span class='ocrx_word' id='word_1_301' title='bbox 1213 3818 1265 3859; x_wconf 91' lang='lat' dir='ltr'><strong>cu-</strong></span> 
     </span>
     <span class='ocr_line' id='line_1_41' title="bbox 344 3879 1265 3962; baseline 0.003 -23"><span class='ocrx_word' id='word_1_302' title='bbox 344 3879 441 3959; x_wconf 92' lang='lat' dir='ltr'><strong>piunt,</strong></span> <span class='ocrx_word' id='word_1_303' title='bbox 465 3882 598 3962; x_wconf 91' lang='lat' dir='ltr'><strong>cupiunt,</strong></span> <span class='ocrx_word' id='word_1_304' title='bbox 620 3887 653 3943; x_wconf 93' lang='lat' dir='ltr'><strong>et</strong></span> <span class='ocrx_word' id='word_1_305' title='bbox 672 3884 740 3962; x_wconf 91' lang='lat' dir='ltr'><strong>ipsc</strong></span> <span class='ocrx_word' id='word_1_306' title='bbox 762 3879 801 3941; x_wconf 92' lang='lat' dir='ltr'><strong>ad</strong></span> <span class='ocrx_word' id='word_1_307' title='bbox 824 3900 878 3942; x_wconf 86' lang='lat' dir='ltr'><strong>eos</strong></span> <span class='ocrx_word' id='word_1_308' title='bbox 901 3880 1085 3962; x_wconf 81' lang='lat' dir='ltr'><strong>ingreditur,</strong></span> <span class='ocrx_word' id='word_1_309' title='bbox 1119 3882 1265 3961; x_wconf 84' lang='lat' dir='ltr'><strong>quicum</strong></span> 
     </span>
     <span class='ocr_line' id='line_1_42' title="bbox 345 3964 1268 4047; baseline 0.005 -25"><span class='ocrx_word' id='word_1_310' title='bbox 345 3981 407 4023; x_wconf 93' lang='lat' dir='ltr'><strong>non</strong></span> <span class='ocrx_word' id='word_1_311' title='bbox 442 3966 585 4045; x_wconf 86' lang='lat' dir='ltr'><strong>cupiunt,</strong></span> <span class='ocrx_word' id='word_1_312' title='bbox 615 3966 691 4047; x_wconf 83' lang='lat' dir='ltr'><strong>fugit</strong></span> <span class='ocrx_word' id='word_1_313' title='bbox 717 3965 757 4026; x_wconf 90' lang='lat' dir='ltr'><strong>ab</strong></span> <span class='ocrx_word' id='word_1_314' title='bbox 786 3966 829 4025; x_wconf 89' lang='lat' dir='ltr'><strong>eis</strong></span> <span class='ocrx_word' id='word_1_315' title='bbox 856 3966 908 4045; x_wconf 91' lang='lat' dir='ltr'><strong>qui</strong></span> <span class='ocrx_word' id='word_1_316' title='bbox 938 3984 1008 4025; x_wconf 89' lang='lat' dir='ltr'><strong>eum</strong></span> <span class='ocrx_word' id='word_1_317' title='bbox 1030 3966 1164 4046; x_wconf 83' lang='lat' dir='ltr'><strong>cupiunt.</strong></span> <span class='ocrx_word' id='word_1_318' title='bbox 1206 3964 1268 4027; x_wconf 85' lang='lat' dir='ltr'><strong>Hic</strong></span> 
     </span>
    </p>
   </div>
   <div class='ocr_carea' id='block_1_3' title="bbox 0 0 1545 4750">
    <p class='ocr_par' dir='ltr' id='par_1_4' title="bbox 0 0 1545 4750">
     <span class='ocr_line' id='line_1_43' title="bbox 0 0 1545 4750; baseline 0 0"><span class='ocrx_word' id='word_1_319' title='bbox 0 0 1545 4750; x_wconf 95' lang='lat' dir='ltr'><strong> </strong></span> 
     </span>
    </p>
   </div>
  </div>
 </body>
</html>
