3075 4750
360 469 423 541 108
681 471 831 528 muoso
848 469 958 530 liutheri

363 642 506 706 meritum
537 640 652 704 Clrrltti
684 647 717 703 et
752 646 929 702 sanatorum
960 631 1044 718 elus,
1058 640 1095 716 ⁸)
1140 636 1271 718 ideoque

361 727 448 788 omni
474 726 646 786 reverende
682 723 917 804 suscipiendae,
951 729 1054 784 tomen
1088 722 1271 784 teterrimum

360 809 461 870 ioctse
492 813 564 869 sunt
594 807 794 868 ministerium
822 807 979 868 everitise.
1027 804 1158 881 Quinam
1192 807 1271 866 enin

360 911 415 972 per
436 907 489 953 ets
510 890 640 951 sulutem
661 897 811 969 quaerunt
832 892 1012 967 animorum,
1033 895 1067 949 et
1086 907 1149 948 non
1171 889 1273 968 potins

359 974 523 1054 pecuniam
544 973 723 1034 bursarum?
766 972 858 1048 Quod
880 972 1037 1034 evidenter
1064 977 1151 1052 polet
1171 991 1211 1032 ex
1233 972 1273 1051 ip·

361 1075 465 1116 summ
497 1057 683 1132 ministerio,
716 1073 866 1135 nusquam
899 1057 980 1116 euim
1009 1055 1210 1118 commissarii
1247 1061 1276 1114 et

362 1139 493 1200 ministri
514 1139 596 1200 eliud
619 1138 812 1220 praedicunt,
841 1157 931 1218 quom
954 1137 1037 1217 quod
1059 1136 1276 1200 commendent

363 1222 577 1302 indulgendos¹
604 1229 637 1282 ct
673 1223 820 1302 populum
853 1228 1025 1301 provocent
1056 1219 1095 1284 nd
1130 1219 1275 1282 dandum.

359 1304 431 1366 tlon
454 1303 505 1365 hic
524 1304 643 1384 oudios,
664 1305 716 1383 qni
738 1305 886 1386 populum
909 1304 1029 1382 docent,
1057 1301 1128 1382 quid
1151 1304 1214 1366 sint
1234 1305 1276 1364 in·

360 1385 548 1470 dulgentise,
570 1406 631 1468 quo
654 1387 882 1468 disconlerum,
905 1405 965 1467 quo
983 1386 1097 1464 finiam,
1114 1384 1276 1471 sedquon-

360 1477 423 1532 lum
453 1471 526 1532 dore
548 1470 676 1547 debent,
703 1471 734 1531 in
757 1489 796 1530 eo
816 1471 933 1530 scilicet
958 1468 1105 1551 populum
1132 1470 1276 1550 ignor-on·

359 1554 403 1614 tis
424 1572 605 1634 suspensum
624 1553 842 1632 relinquentes,
864 1559 898 1613 ut
916 1552 1024 1616 credet
1044 1570 1078 1613 se
1100 1553 1203 1612 stetim
1217 1553 1276 1614 sel·

358 1656 441 1712 vum,
461 1637 581 1717 adeptis
602 1637 669 1698 istis
690 1635 897 1718 indulgentiis.
939 1635 1010 1697 Non
1032 1636 1113 1696 enim
1141 1654 1179 1696 cs
1208 1632 1297 1716 grn'

358 1721 401 1779 tio
421 1719 464 1780 ibi
486 1720 649 1796 confertur,
674 1718 782 1778 saltem
805 1737 916 1798 perse,
939 1719 1083 1797 qusquis
1104 1719 1201 1779 iustus
1221 1724 1278 1779 out

356 1802 465 1862 iustior
487 1800 549 1878 flet,
571 1799 626 1862 sed
648 1807 765 1862 tontum
785 1802 925 1862 remissio
948 1801 1158 1882 poenitentiae
1182 1807 1214 1862 et
1229 1819 1275 1862 so
1368 1869 1369 1872 Ἴ

358 1884 538 1946 tisisctionis
569 1885 740 1962 iniunctae,
774 1901 835 1962 quo
869 1883 995 1946 dimisso
1032 1901 1096 1946 non
1127 1885 1276 1962 sequitur,

358 1966 441 2046 quod
468 1966 569 2027 stetim
603 1966 707 2028 evolet
732 1968 763 2026 in
798 1967 937 2043 coelum,
970 1967 1022 2046 qui
1058 1967 1102 2026 sic
1135 1967 1228 2027 morit
1267 2014 1275 2029 .

357 2049 472 2110 Stultus
493 2056 595 2109 sutem
617 2055 649 2109 et
671 2049 768 2110 maior
790 2069 860 2129 pars
882 2049 988 2129 populi
1018 2047 1149 2130 decepto
1178 2049 1277 2110 credit

356 2148 412 2212 per
430 2131 599 2212 plenus-inm
621 2133 833 2194 remissionem
854 2134 898 2192 ito
920 2138 1078 2211 peccatum
1106 2149 1200 2192 omne
1224 2152 1275 2192 on·
1371 2123 1373 2184 ἒ

355 2215 436 2293 ferri,
459 2215 614 2275 utstatim
637 2215 751 2295 evolet,
780 2223 811 2276 et
831 2217 955 2295 impune
977 2220 1089 2294 peccet
1111 2222 1143 2274 et
1164 2233 1274 2296 aggrs-
1373 2256 1374 2274 r

356 2305 409 2360 vot
429 2317 464 2358 se
485 2299 614 2362 vinculis
635 2299 854 2360 conscientiae.
1374 2346 1375 2352 κ

438 2382 552 2443 Verum
589 2382 775 2460 notandum,
809 2380 890 2462 quod
929 2379 1046 2459 duplex
1085 2386 1133 2441 est
1165 2382 1275 2460 gratis,

355 2465 475 2526 scilicet
493 2466 683 2527 remissionis
705 2474 736 2525 et
755 2465 933 2542 infusionis,
961 2482 1015 2523 seu
1043 2464 1218 2525 extrinsece
1239 2472 1270 2525 st

353 2547 527 2610 intrinseco.
569 2547 722 2608 Remissio
750 2554 798 2608 est
823 2546 973 2607 reloxotio
1002 2564 1125 2626 poenos
1150 2554 1269 2627 ternpo-

353 2630 441 2709 rslis,
464 2640 559 2711 quem
576 2630 627 2690 hic
647 2630 727 2690 ferre
747 2636 909 2711 cogeretur
929 2648 949 2689 o
970 2628 1131 2689 secerdote
1152 2630 1268 2690 iniunc

353 2717 414 2772 tom
438 2714 488 2773 vel
504 2714 535 2772 in
556 2713 734 2793 purgatorio
748 2710 910 2773 'residuam
934 2711 1070 2789 solvere,
1093 2712 1174 2773 siout
1193 2712 1268 2773 olim

352 2801 469 2875 septem
491 2795 564 2855 enni
596 2814 653 2875 pro
684 2815 744 2858 uno
776 2802 904 2877 peccato
926 2794 1177 2875 imponebantur,
1212 2796 1267 2857 sed

352 2896 406 2956 per
428 2877 513 2939 hsnc-
528 2876 602 2937 nihil
630 2877 773 2939 minuitur
799 2878 1049 2958 concupiscentis
1081 2884 1114 2937 et
1140 2879 1267 2941 morbus

351 2960 481 3037 enimse,
503 2979 561 3020 nec
581 2968 710 3041 nugetur
730 2961 871 3039 dilectio,
902 2980 960 3022 nec
985 2960 1050 3020 ullo
1076 2961 1170 3021 virtus
1190 2962 1267 3023 into

350 3042 421 3120 rior,
444 3060 524 3121 quse
544 3050 647 3103 temen
670 3046 775 3105 omnis
795 3044 861 3105 fleri
882 3050 1013 3124 oportet,
1034 3051 1198 3123 antequem
1222 3062 1266 3106 re·

349 3142 443 3267 finum
469 3124 519 3184 dei
546 3127 676 3203 intrent,
710 3129 782 3207 quio
814 3144 885 3188 coro
921 3132 952 3186 et
983 3127 1108 3207 sangnis
1137 3144 1266 3207 regnum
1302 3146 1305 3150 ·

378 3208 406 3267 ei
428 3226 492 3269 non
512 3208 722 3289 possidebunt,
744 3228 803 3270 neo
815 3209 939 3270 introbit
951 3208 1066 3287 aliquid
1088 3208 1265 3289 coinquins·

350 3296 423 3349 turn.
441 3288 563 3365 Quanto
571 3299 672 3352 eutem
681 3299 820 3372 tempore
828 3294 858 3353 in
867 3292 1044 3372 purgatorio
1052 3291 1264 3372 hooexpedisr

350 3380 406 3451 tur,
428 3392 519 3435 nemo
543 3373 609 3433 scit.
651 3374 717 3435 Nec
746 3376 807 3436 hoc
834 3394 915 3455 popo
941 3373 1176 3435 hobetsolvere
1197 3376 1264 3437 ullo

349 3454 442 3517 modo
464 3475 520 3536 per
539 3458 754 3519 auctoritatem
776 3458 887 3533 olovis,
914 3457 970 3517 sed
991 3456 1187 3519 solummodo
1208 3478 1265 3538 per

347 3732 524 3787 schtndliohe
549 3732 637 3785 Sache
657 3736 705 3797 sei,
727 3733 832 3785 welche
852 3732 901 3785 des
921 3731 1067 3787 Verdicnst
1083 3734 1262 3790 Jesuchrisu

348 3804 520 3858 verklsiner·e
539 3804 594 3857 und
614 3803 657 3858 die
676 3806 770 3857 wshre
789 3805 876 3857 Busse
895 3804 1046 3856 culholte.“

346 3963 352 3973 .
401 3891 431 3958 ’)
452 3893 586 3947 Lutlrerus
604 3910 640 3946 ex
659 3910 753 3947 errore
772 3896 801 3945 in
821 3893 923 3947 scholis
943 3894 1043 3945 hausto
1060 3892 1193 3960 loquitur,
1212 3896 1260 3949 sed

344 3976 472 4029 ingenue.
