3075 4750
583 491 811 549 sistus-uu.
1094 486 1155 554 189

236 659 367 721 eumeidi
400 660 564 740 alienoque
585 661 700 721 iustitia
720 662 836 739 nitere,
870 666 902 721 et
923 659 1059 720 Christus
1082 678 1153 739 pro·

237 745 335 825 priem
357 741 515 805 evacuaris
526 744 606 804 inter
620 751 801 823 peecatores
813 744 879 804 vult
895 742 1029 813 sordere.
1053 740 1153 817 Quem

237 828 316 887 enim
351 846 415 888 non
436 828 561 895 ‚merito
584 834 725 904 moveat,
759 834 794 887 ut
813 826 913 887 libens
934 845 1004 887 sues
1027 826 1153 906 turpitu-
1231 884 1234 890 .

235 910 327 971 diues
355 910 539 971 confitentur
556 929 594 970 se
612 918 759 989 pecentor
781 910 855 970 velit
875 910 1027 989 reputari,
1060 927 1153 988 quam

235 994 281 1072 id,
313 1012 385 1052 eum
413 996 538 1075 eogitet,
561 992 644 1072 quod
659 988 809 1054 Dominus
832 1012 903 1053 suus
925 992 1024 1053 voluit
1044 1010 1153 1071 penes·

236 1084 284 1137 tor
305 1079 442 1155 reputari
462 1085 589 1160 propter
609 1096 695 1154 eum,
725 1075 809 1155 quod
835 1094 897 1136 non
916 1083 995 1154 eret,
1029 1081 1063 1135 ut
1083 1094 1154 1135 eum

236 1160 384 1238 exemplo
405 1180 462 1220 suo
482 1160 663 1221 resonaret?
685 1159 772 1233 Ques
795 1160 875 1219 enim
899 1166 946 1219 est
968 1159 1029 1218 alio
1051 1176 1154 1235 seusu,

236 1242 320 1321 quod
349 1251 476 1321 peeesta
511 1262 568 1303 suu
599 1243 699 1303 nolint
730 1243 871 1303 homines
905 1240 1062 1317 confiteri,
1096 1242 1155 1301 uisi
1246 1262 1248 1269 ’

236 1325 321 1407 quod
355 1327 466 1386 timent
501 1334 681 1405 peeeetores
715 1325 869 1385 inveniri?
917 1324 959 1384 At
994 1325 1072 1387 haee
1106 1333 1155 1385 eet

235 1410 373 1489 pessima
394 1412 489 1488 pestis
512 1416 545 1469 et
559 1409 706 1469 Levinten
728 1410 793 1469 sive
815 1407 1067 1485 additamentum,
1090 1408 1153 1467 nul-

236 1494 296 1551 lum
320 1493 406 1552 enim
428 1499 588 1572 peecatum
609 1499 672 1551 tem
694 1498 798 1568 atrox,
821 1490 913 1570 quod,
936 1492 961 1550 si
983 1492 1049 1550 sine
1069 1489 1154 1551 eddi·

235 1581 376 1635 tomento
405 1577 457 1655 sit,
486 1594 548 1637 non
571 1576 673 1635 stetim
694 1576 880 1653 remittatur,
913 1573 1153 1633 additamentum

235 1666 340 1718 sutem
362 1665 412 1719 est
431 1661 498 1738 ipso
518 1658 676 1738 superbie,
704 1676 848 1736 que‘non
870 1658 935 1717 vult
957 1656 1103 1717 nouluudi
1124 1664 1155 1717 et

235 1742 339 1821 pulum
373 1740 449 1801 lieri.
491 1741 591 1801 Omne
619 1743 701 1801 euim
733 1746 894 1820 pennatum
925 1739 986 1799 duo
1008 1739 1103 1801 habet
1122 1740 1152 1799 iu

236 1844 284 1902 se,
317 1824 440 1885 seilicet
469 1824 616 1885 domnum
652 1833 683 1884 et
704 1822 868 1903 pudorem,
903 1843 956 1883 seu
979 1824 1100 1902 uulpem
1123 1830 1154 1883 et

236 1925 391 1987 poenum,
420 1914 453 1967 nt
479 1908 620 1969 homines
649 1909 746 1987 magis
775 1908 884 1967 timent
906 1926 1040 1985 poenum
1062 1926 1153 1985 quum

236 1991 384 2051 domnum
406 1998 439 2050 et
459 1992 590 2071 eulpsm.
632 1990 712 2049 Hine
732 1990 837 2052 faciles
860 1997 930 2050 sunt
950 2008 1095 2069 pedeure,
1123 1997 1155 2049 et

236 2074 410 2135 difficillimi
432 2073 585 2134 confiteri:
619 2074 728 2133 voltmt
750 2092 819 2133 esse
847 2080 959 2153 turpes,
988 2080 1021 2134 et
1046 2074 1155 2134 nolunt

234 2158 372 2239 reputari
394 2163 507 2237 turpes.
551 2157 592 2217 At
619 2165 741 2235 oportet
763 2164 849 2216 toute
881 2156 1047 2236 eupiditate
1081 2175 1152 2217 eon·
1231 2210 1233 2215 .

235 2239 324 2318 litori,
348 2247 465 2318 quante
485 2241 544 2300 fuit·
561 2247 731 2319 peeeetum,
754 2246 787 2299 ut
804 2258 894 2318 quem
914 2232 1068 2319 quondam
1091 2259 1153 2299 non

236 2323 347 2403 puduit
368 2322 495 2402 eadere,
529 2340 591 2384 non
614 2323 729 2404 pudeet
750 2340 893 2404 surgere,
927 2342 1031 2383 essum
1066 2340 1153 2383 suum

235 2413 405 2467 ostentare.
449 2406 508 2481 Qui
535 2414 637 2467 eutem
660 2409 706 2466 sie
726 2407 845 2486 pudore
867 2408 938 2466 vieti
960 2414 1077 2468 tentum
1100 2425 1156 2486 pro

236 2490 351 2550 domno
375 2491 483 2570 lugent
512 2498 545 2550 et
572 2489 770 2568 eonfitemur,
793 2491 895 2550 stetim
917 2490 1032 2550 hubent
1052 2490 1154 2550 remis

238 2575 360 2634 sionem
382 2574 502 2652 peeeoti
523 2574 587 2652 sui,
619 2582 652 2633 ut
673 2575 772 2653 pstuit
792 2575 824 2632 in
845 2573 980 2651 Doride,
1008 2574 1060 2652 qui
1082 2591 1154 2634 mox

236 2675 304 2715 eum
335 2655 482 2734 dixisset,
508 2658 635 2736 peceavi
657 2658 806 2734 Domino,
821 2657 950 2716 *audivit
972 2675 1011 2718 ex
1032 2655 1154 2716 Nathan

237 2739 403 2819 prophete:
438 2749 470 2799 et
490 2739 641 2799 Dominus
675 2739 829 2800 transtulit
862 2746 1023 2820 pennatum
1061 2746 1154 2799 tuum.

238 2822 313 2882 lnde
342 2823 437 2882 dixit:
480 2823 567 2900 Dixi,
601 2823 773 2894 eonlitebor
806 2822 968 2882 adversum
997 2842 1045 2886 me
1080 2824 1155 2882 iniu-

238 2907 350 2965 stitiam
375 2924 475 2966 meam
496 2907 645 2985 Domino,
680 2915 713 2967 et
739 2914 772 2966 tu
801 2907 943 2967 remisisti
966 2908 1154 2986 impietatem

240 2990 359 3067 peoeoti
381 2990 451 3050 mei.

317 3072 425 3132 Tertio
459 3073 530 3133 loeo
559 3072 598 3132 de
626 3074 694 3151 ipse
715 3071 949 3134 eiruumeisione
980 3073 1153 3134 dieendum.

239 3155 277 3216 lit
297 3155 364 3216 Jos.
388 3161 417 3220 ὁ.
441 3162 539 3234 petet,
573 3155 655 3235 quod
677 3156 781 3216 cultris
804 3156 935 3236 lapideis
956 3155 1010 3216 liet
1030 3158 1155 3218 eireum·

239 3239 330 3316 cisio,
368 3244 400 3298 et
428 3238 527 3300 Exod.
556 3241 591 3302 3:
623 3239 746 3318 Zeporu
776 3240 845 3300 tulit
873 3249 991 3319 petrum
1020 3241 1156 3302 soutissi·

241 3340 320 3380 mam
353 3329 386 3382 et
417 3321 608 3382 eircumcidit
628 3320 722 3381 lilium
746 3342 849 3402 suum,
880 3322 1034 3402 flebatque
1056 3323 1087 3382 id
1106 3321 1157 3382 die

239 3413 349 3464 oetnvo
383 3423 452 3464 eum
485 3407 682 3484 impositione
703 3406 847 3469 nominis.
898 3407 980 3466 Hsee
1015 3408 1073 3476 trie
1100 3424 1155 3484 per

241 3487 378 3546 ordinem
411 3487 580 3550 videamus.
630 3488 721 3548 Petra
758 3495 806 3550 est
834 3489 985 3567 Christus,
1022 3489 1060 3548 de
1093 3507 1153 3566 quo

240 3569 415 3633 formandus
448 3578 497 3632 est
528 3572 638 3648 eulter,
673 3573 692 3632 i.
725 3591 752 3632 e.
792 3572 1009 3634 assumendum
1038 3573 1069 3629 in
1101 3589 1156 3631 eor

244 3654 428 3733 exemplum,
450 3661 503 3714 ont
525 3675 595 3734 pers
617 3655 753 3736 exempli
775 3657 850 3716 sius.
888 3656 967 3730 Num
987 3653 1088 3714 nullus
1111 3660 1157 3714 tue

240 3742 302 3796 tum
325 3736 479 3796 Christum
500 3737 593 3798 habet
612 3739 644 3797 in
666 3738 726 3798 hue
748 3741 827 3816 vito,
860 3738 915 3799 sed
936 3737 1155 3816 participemus

241 3837 346 3880 omnes
356 3837 404 3880 eo.
417 3820 512 3881 Porro
521 3821 595 3880 nihil
603 3832 652 3882 est
660 3820 815 3882 effieeeius
826 3829 856 3882 et
865 3823 982 3880 acutius
992 3837 1082 3898 quom
1090 3839 1155 3880 ver·
1178 3837 1181 3840 ·

242 3899 531 3983 bumetexemplum
540 3904 650 3965 Christi
658 3904 698 3964 sd
709 3893 985 3965 circumcidendum
994 3921 1154 3964 omuems·
1250 3972 1253 3976 ,

241 3982 301 4044 lum
326 3985 531 4069 desiderium„
552 3987 697 4068 Exempli
718 3996 749 4049 et
766 3988 871 4069 praxis
892 3985 1000 4067 gratim
1022 3993 1054 4046 ut
1076 3987 1102 4046 si
1124 3994 1155 4054 ts
