3075 4750
589 510 616 550 ι
632 493 703 552 tcto
719 492 834 550 tsntus·
964 515 967 524 ·
1103 491 1164 561 161

251 665 310 746 51³⁸i
332 665 396 726 ‘int
415 670 605 746 peccatores,
632 666 771 728 Christus
792 665 896 727 docuit
917 671 949 726 et
968 664 1089 745 Paulus,
1111 667 1166 726 sci·
1288 729 1297 750 ⁴

252 748 325 808 licet
345 749 420 827 qnia
439 767 505 809 non
525 750 654 832 implent
678 750 781 832 legem
802 750 927 832 spiritu,
959 749 1030 828 quia
1056 748 1165 810 saltem

251 829 345 890 corde
367 838 499 911 peccant
519 839 551 893 et
569 834 807 913 concupiscunt,
836 833 894 892 etsi
923 849 985 892 non
1012 829 1165 911 occidunt,

251 921 356 974 teman
379 914 563 991 irascuntur,
599 916 658 977 etai
684 935 747 977 non
773 916 925 994 furantur,
957 922 1059 976 tamen
1081 909 1166 976 avari

251 1002 330 1074 sunt,
352 998 411 1057 etsi
426 1016 489 1057 non
506 998 716 1080 moechantur,
730 1006 833 1060 tamen
846 999 1075 1080 concupiscunt,
1097 1015 1166 1058 cum

250 1081 318 1138 sine
339 1081 440 1160 gratia
459 1082 708 1162 concupiscentia
728 1101 792 1144 non
812 1080 946 1159 recedat,
969 1087 1002 1141 ut
1019 1080 1107 1142 Rom.
1128 1085 1164 1146 7:

251 1162 361 1222 Infelix
387 1181 447 1244 ego
474 1164 586 1243 homo,
617 1167 684 1244 quis
712 1164 854 1227 hlierabit
875 1164 914 1224 de
935 1182 1064 1244 corpore
1085 1181 1165 1225 mor-

250 1246 288 1304 tis
312 1246 424 1306 huiusi
464 1246 535 1307 Non
562 1248 621 1327 ait,
652 1247 774 1315 habitus
806 1253 858 1308 aut
886 1253 970 1308 actus
991 1247 1166 1326 frequenter

250 1328 361 1407 iterati,
383 1329 438 1389 sed
459 1331 558 1411 gratia
577 1331 635 1391 Dei
656 1351 713 1412 per
732 1331 838 1393 Jcsum
862 1330 1022 1392 Christum.
1062 1328 1165 1405 Quare

250 1411 444 1492 evangelium
466 1412 642 1494 magnificat
654 1422 826 1494 peccatum,
848 1413 919 1473 dnm
936 1411 1066 1474 latificat
1082 1431 1165 1472 man-

251 1493 366 1573 datum,
387 1496 431 1556 ita
452 1503 485 1556 nt
504 1495 606 1556 nullus
626 1500 725 1578 possit
744 1499 842 1557 iustus
862 1497 1000 1574 inveniri,
1029 1495 1080 1574 qui
1101 1514 1164 1556 non

250 1578 479 1657 praevaricetur
503 1578 622 1660 legem,
662 1600 699 1641 ao
731 1582 810 1642 sicut
842 1598 949 1640 omnes
975 1584 1106 1659 peccant
1134 1585 1166 1639 et
1258 1599 1263 1603 ·

251 1670 467 1740 peccaverunt,
488 1663 540 1721 sic'
553 1669 649 1743 patet,
671 1663 827 1743 quomodo
855 1662 997 1724 omnibus
1024 1677 1164 1722 necessa-

248 1745 310 1803 rius
331 1745 373 1805 sit
394 1744 562 1824 baptismus
582 1747 792 1827 poenitentiae
820 1753 892 1806 ante
913 1745 1098 1826 baptismum
1120 1763 1165 1805 re·

252 1828 407 1888 missionis
434 1834 654 1908 peccatorum.¹
691 1829 766 1890 ldeo
793 1829 951 1890 lohannes
983 1846 1046 1889 non
1075 1827 1165 1889 abso-

249 1908 313 1970 late
342 1909 483 1971 scribitur
508 1911 704 1992 praedicasse
730 1912 915 1993 baptismum
945 1911 1165 1992 poenitentiae,

251 1992 306 2053 sed
327 1991 452 2053 additur
470 1995 501 2053 in
524 1995 574 2055 vel
594 1994 634 2056 ad
649 1996 862 2056 remissionem
877 2001 1073 2074 peccatorum
1095 1995 1115 2053 i.
1136 2011 1164 2054 e.

199 2119 217 2142 s
250 2075 331 2154 quod
355 2093 412 2156 pcr
431 2077 513 2136 hunc
533 2085 678 2158 parentur
696 2077 736 2139 ad
758 2079 897 2159 gratiam,
918 2095 979 2157 qna
999 2075 1034 2138 flt
1054 2075 1163 2137 remia'-

248 2160 294 2220 sio
315 2165 525 2241 peccatorum,
545 2179 709 2241 quae-non
729 2162 937 2240 remittuntur,
969 2159 1029 2220 nisi
1057 2158 1165 2239 quibus

248 2241 428 2322 displicent,
467 2242 527 2303 hoc
558 2246 640 2305 enim
670 2251 718 2305 est
748 2244 918 2325 poenitere.
960 2242 1030 2303 Non
1062 2249 1166 2302 antem

249 2325 418 2407 displicent
446 2326 503 2386 nisi
526 2327 572 2388 his
595 2329 645 2407 qui
666 2347 704 2389 ea
725 2334 932 2410 cognoscunt:
970 2327 1033 2387 non
1061 2331 1164 2386 autem

248 2414 452 2490 cognoscunt,
472 2410 532 2470 nisi
554 2413 604 2491 qui
624 2411 726 2493 legem
736 2410 927 2491 intelligunt:
949 2409 1050 2491 legem
1063 2416 1164 2468 autem

247 2510 304 2573 per
322 2510 360 2552 se
379 2511 473 2554 nemo
494 2492 593 2555 intelli
617 2496 639 2553 't
665 2496 725 2556 nisi
752 2489 939 2577 explicetur,
970 2492 1031 2553 hoc
1062 2496 1173 2577 autem

249 2575 322 2636 lacit
342 2576 548 2656 evangelium.
591 2514 642 2639 gio
663 2579 744 2638 enim
765 2597 822 2658 per
842 2577 943 2657 legem
970 2574 1004 2634 flt
1026 2574 1164 2656 cognitio

247 2659 384 2738 peccati,
421 2660 487 2719 sine
514 2677 576 2738 qua
602 2667 763 2741 peccatum
796 2666 946 2722 mortuum
982 2665 1060 2718 erat:
1096 2675 1164 2717 cum

248 2749 351 2802 autem
374 2743 510 2803 venisset
531 2744 592 2821 lex,
614 2751 776 2826 peccatum
797 2744 924 2821 revixit,
957 2759 1028 2801 nam
1051 2757 1162 2801 concu-

249 2825 431 2905 piscentiam
452 2827 582 2887 nescivit
601 2833 763 2907 peccatum
786 2844 865 2905 esse,
891 2826 949 2885 nisi
978 2823 1049 2903 lex,
1083 2822 1163 2883 scili-

250 2914 299 2969 cet
318 2908 517 2989 spiritualiter
536 2910 703 2989 intellecta,
726 2908 852 2987 diceret,
874 2926 938 2969 non
953 2908 1163 2987 concupisces.

249 2990 321 3052 Ideo
347 2991 401 3051 lex
426 2993 544 3072 optima
562 3010 613 3052 res
646 2998 712 3073 est,
745 2992 817 3053 dum
851 2990 933 3051 mala
964 2996 1114 3051 monstrat
1135 2996 1167 3051 et

251 3074 460 3135 infelicitatem
488 3077 643 3156 propriam
671 3094 843 3155 agnoscere
874 3074 962 3153 iacit,
994 3078 1087 3153 atque
1122 3074 1167 3133 sic

252 3156 289 3216 ad
309 3158 426 3219 bonum
447 3158 654 3236 quaerendum
678 3165 790 3238 movet,
814 3194 852 3204 —-
874 3176 945 3217 nam
973 3156 1093 3216 initium
1120 3174 1166 3216 sa

252 3238 320 3300 lutis
353 3248 404 3301 est
429 3259 525 3302 nosse
550 3241 704 3321 morbum,
737 3248 769 3302 et
795 3241 965 3323 principum
995 3240 1166 3320 sapientiae

188 3344 193 3349 ·
253 3323 341 3384 timor
361 3324 496 3385 Domini.
519 3324 560 3385 At
572 3325 623 3385 lex
643 3325 753 3387 incutit
771 3326 922 3401 timorem,
943 3330 977 3382 ut
997 3322 1091 3383 homo
1112 3321 1166 3381 hn-

253 3406 390 3486 miliatnr,
412 3405 484 3466 dum
505 3408 600 3487 videt,
620 3427 654 3468 se
673 3426 736 3468 non
759 3426 882 3469 servare
910 3405 1029 3487 legem,
1057 3417 1095 3465 ac
1121 3404 1167 3463 sic

252 3488 393 3549 iudicium
414 3490 472 3551 Dei
503 3491 675 3570 incurrere,
695 3492 795 3573 gratia
815 3494 917 3551 autem
939 3486 1166 3548 infirnditamo·
1272 3518 1274 3521 ·

254 3590 323 3652 rem,
347 3590 411 3653 quo
431 3572 466 3633 iit
488 3572 640 3653 fidentior,
662 3573 735 3633 dnm
758 3573 842 3635 videt
869 3590 903 3632 se
934 3570 1017 3631 velle
1044 3586 1166 3628 servare

254 3652 361 3736 legem,
383 3662 416 3717 et
436 3656 581 3736 quicquid
603 3676 665 3718 non
686 3663 792 3739 potest
812 3672 935 3717 servare
957 3650 1039 3732 quod
1054 3650 1165 3710 Christi

256 3736 408 3814 plenitudo
428 3758 486 3821 pro
509 3759 547 3801 eo
570 3742 741 3821 suscipitur,
764 3739 866 3800 donec
887 3744 918 3797 et
938 3737 1006 3815 ipse
1026 3731 1166 3815 perficia-

258 3824 308 3881 tur.
348 3822 400 3884 Sic
424 3823 493 3884 Deo
526 3825 658 3904 gratias,
696 3824 747 3902 qui
778 3822 862 3885 dedit
887 3818 979 3880 nobis
1006 3816 1167 3877 victoriam

259 3920 309 3979 per
326 3905 432 3967 lesum
453 3904 617 3972 Christum.
727 3934 736 3949 ·

285 4088 370 4137 musa
383 4105 439 4147 opp.
453 4095 481 4139 v.
494 4094 522 4137 a
535 4095 565 4136 aa
577 4081 618 4136 rlr.
631 4093 681 4149 mss
695 4094 710 4136 ι
722 4104 746 4145 p.
758 4092 809 4136 vor.
823 4092 841 4131 1.
916 4088 956 4155 11
