3075 4750
381 490 441 561 170
696 496 847 555 Sumenti
862 496 975 553 lutheri

379 669 432 749 qui
452 668 624 748 eelebrent,
645 674 751 749 orent,
772 670 924 750 ieiumi,
943 668 1101 747 luberent,
1122 674 1178 730 eut
1198 668 1295 750 quod

379 760 501 833 mirque
521 752 638 814 feeiunt
653 754 722 815 Deo
743 755 900 834 pleeitum,
920 772 978 833 pro
997 759 1030 813 te
1049 753 1175 831 fuciunt,
1197 754 1297 814 etsie

381 836 516 897 aufertur
543 855 564 895 e
595 842 627 896 te
648 837 736 898 labor
756 838 965 917 poenitentioe
994 843 1029 897 et
1065 829 1297 898 e'etisfeetionie.

380 918 466 980 Heeo
488 925 536 979 eet
555 917 610 979 ille
630 919 822 1001 indulgentia
840 920 989 1000 plenarie.
1031 918 1146 980 Verum
1158 919 1221 980 hoo
1233 938 1296 979 non

380 1001 435 1062 tibi
458 1000 579 1085 suffieit,
601 1004 673 1080 quie
693 1022 755 1064 non
779 1002 850 1063 ideo
872 1002 967 1065 hebes
983 1002 1217 1083 intregretiem,
1239 1017 1298 1063 nee

378 1082 450 1144 ideo
473 1083 615 1163 proficis,
641 1085 698 1147 sed
729 1104 837 1146 menes
867 1087 899 1145 in
925 1105 966 1145 ee
990 1103 1051 1164 que
1076 1086 1159 1145 luisti
1186 1088 1297 1166 gretie,

378 1184 449 1227 oum
472 1166 534 1229 hoe
554 1168 692 1248 petebas.
725 1167 800 1230 Ideo
817 1170 879 1229 iem
892 1168 1069 1245 eurendum,
1090 1175 1125 1229 ut
1139 1166 1298 1248 proficies,

379 1256 412 1310 et
432 1268 496 1311 non
518 1256 628 1311 etentes
656 1252 775 1333 segnis,
803 1253 890 1332 quusi
911 1253 973 1311 ium
993 1256 1118 1311 eunetis
1139 1263 1172 1311 et
1192 1270 1298 1332 purus

379 1332 468 1393 Nune
497 1335 577 1393 enim
604 1334 781 1395 instandum
810 1341 858 1394 eet
878 1332 1067 1395 emoiflxioni
1089 1333 1298 1395 membrorum

379 1421 412 1478 et
433 1415 660 1477 mortifloetioni
681 1418 900 1498 principiorum
920 1424 1134 1498 pennatorum,
1155 1416 1220 1477 hoo
1241 1424 1299 1494 eet,

381 1501 716 1580 eonoupiseentierum,
739 1520 819 1580 quoe
838 1501 918 1560 sieut
937 1500 1060 1565 fuerunt
1078 1507 1204 1561 autores
1228 1520 1298 1582 perr

377 1588 533 1662 eetorum,
563 1602 619 1663 pro
647 1583 755 1663 quibus
780 1582 974 1664 indulgentia
997 1581 1071 1644 dete
1097 1589 1161 1663 eet,
1192 1584 1240 1644 ite
1267 1590 1299 1645 et

379 1673 474 1727 erunt
488 1664 709 1746 reeidivorum,
738 1668 763 1726 si
784 1668 905 1726 steteris
933 1684 1067 1727 eeeurue.
1116 1665 1164 1730 Ad
1192 1666 1298 1728 entire

380 1750 463 1829 gum
485 1749 622 1829 opplieet
642 1749 859 1831 indulgentius,
880 1768 957 1828 quoe
969 1748 1114 1809 coneedit
1128 1748 1298 1811 detinetis:

379 1830 431 1892 ubi
454 1833 516 1893 iem
539 1834 682 1914 propriae
704 1852 768 1894 non
793 1839 864 1893 sunt
885 1831 1110 1912 indulgentiae,
1140 1834 1216 1911 quie
1234 1835 1298 1893 iem

379 1914 663 2076 tlttittllt
683 1914 1154 2079 tlt‘trttttllttitt?
1167 1922 1303 2060 m

378 2080 490 2161 poenis
508 2100 565 2161 pro
587 2082 756 2142 uotnelibus
778 2083 923 2161 pensetis,
945 2082 1011 2141 sire
1027 2081 1066 2143 de
1082 2080 1298 2143 redioullnon-

377 2164 448 2223 dum
470 2163 502 2223 in
523 2164 587 2224 vite
607 2164 792 2225 mortilieeto
814 2172 847 2225 et
867 2170 988 2241 senato,
1009 2162 1298 2244 quodperintueio

376 2264 447 2307 nem
469 2248 586 2326 gretiue
614 2246 679 2308 fieri
710 2267 773 2308 non
803 2253 851 2307 est
880 2246 1020 2324 dubium,
1055 2247 1201 2326 quoniam
1238 2250 1298 2329 ipsi

376 2334 455 2392 tune¹
472 2330 582 2392 mereri
602 2331 688 2393 nullo
710 2330 805 2392 modo
826 2335 966 2411 possunt.
1009 2328 1097 2390 liene
1126 2331 1205 2391 viris
1233 2350 1297 2394 non

377 2413 469 2475 rideo
492 2433 588 2494 quere
608 2415 769 2491 oouoodet,
792 2413 866 2476 lieet
885 2416 917 2473 in
939 2414 1077 2494 generali
1090 2413 1296 2496 eoeleeiepro

377 2497 519 2560 omnibus
545 2497 726 2579 suffragetur
752 2515 857 2558 eorem
881 2497 967 2576 Deo,
992 2496 1049 2556 eed
1077 2497 1210 2576 emplius
1239 2505 1297 2575 est,

377 2579 461 2659 quod
481 2582 514 2640 in
534 2581 710 2660 particulari
729 2580 902 2661 epplioutur
922 2597 979 2660 per
991 2597 1104 2660 popum
1121 2580 1174 2640 vel
1191 2599 1297 2660 quem-

379 2662 454 2725 libet
474 2662 639 2726 hominem.
681 2663 765 2725 Dioit
786 2663 867 2723 enim
888 2664 966 2743 ipse,
988 2662 1151 2723 defunctos
1173 2663 1296 2743 portiol-

376 2763 432 2825 pee
453 2744 536 2825 fieri,
567 2745 651 2826 quod
679 2748 785 2825 utique
804 2764 860 2826 per
881 2745 1006 2807 modum
1028 2744 1164 2826 suffragii
1184 2746 1297 2808 intelli·

377 2846 451 2908 gere
479 2847 514 2888 se
541 2827 613 2889 alibi
641 2831 714 2890 setis
744 2827 890 2889 deeleret
938 2828 1010 2888 Non
1036 2834 1140 2888 temen
1179 2835 1297 2890 temere

377 2911 479 2970 stetim
500 2911 766 2990 pronnnoiendurn
788 2917 846 2988 est,
861 2911 945 2991 quod
956 2912 1089 2971 unimem
1103 2913 1296 2974 nominatum

378 2992 497 3072 liberet,
520 2995 570 3072 qui
592 2995 655 3057 hes*
669 2995 875 3074 indulgentiae
897 2993 1035 3073 redimit,
1057 2995 1130 3073 quie
1151 2997 1296 3072 penditur,

377 3095 417 3136 on
439 3094 542 3136 eorum
567 3078 633 3140 Deo
655 3079 723 3159 ipse
743 3076 839 3158 digne
860 3078 909 3154 eit,
931 3076 981 3137 vel
997 3077 1068 3155 eliu,
1091 3095 1171 3156 quoe
1186 3079 1297 3140 melius

378 3159 497 3223 meruit.
546 3160 636 3222 Unde
662 3161 731 3242 plus
758 3159 881 3222 ridetur
905 3179 988 3240 pepe
1018 3160 1121 3220 feeere
1153 3176 1226 3220 eunt
1252 3163 1296 3221 in·

378 3241 544 3321 dulgentiie
564 3263 622 3324 pro
643 3243 810 3321 defunotis,
832 3261 923 3322 quem
951 3261 1007 3322 pro
1034 3243 1133 3319 rivis,
1165 3245 1241 3322 quio
1266 3250 1299 3304 et

378 3326 508 3406 gretiton
529 3327 690 3389 infusionis
713 3327 757 3387 eis
779 3327 940 3406 impetret,
971 3324 1050 3386 virle
1070 3330 1174 3385 nutem
1196 3327 1296 3388 solem
1365 3334 1366 3399 i

378 3408 590 3470 remissionem
613 3401 771 3472 eoneeditJ
808 3408 1299 3488 Animeeinpurgetoriohebent

379 3510 413 3552 se
434 3491 474 3552 ed
495 3493 625 3574 gretiam
645 3493 865 3573 posteriorem,
896 3509 951 3552 een
979 3490 1019 3552 ed
1040 3497 1241 3571 augmentum
1267 3499 1299 3553 et

379 3575 638 3654 eomplernentum
661 3575 797 3657 metite,
829 3591 908 3653 quoe
930 3579 979 3634 est
998 3574 1112 3655 glorie,
1141 3574 1222 3636 siout
1242 3576 1298 3634 im-

379 3658 447 3738 pius
469 3657 509 3718 od
530 3659 659 3738 primam
681 3659 811 3739 gretiam
832 3675 889 3719 eeu
916 3655 1174 3718 iustilloetionem.
1220 3658 1297 3719 Utri-

380 3757 440 3820 que
462 3743 544 3802 enim
565 3761 628 3802 non
650 3746 783 3822 possunt
800 3757 870 3801 eom
892 3740 1011 3818 mereri,
1034 3740 1099 3820 epti
1112 3745 1215 3800 temen
1230 3759 1296 3801 eum

380 3824 528 3900 resipere.
570 3823 628 3884 Ille
646 3825 697 3903 qui
718 3823 977 3902 hebet-primum,
1005 3821 1079 3882 lieet
1099 3828 1188 3884 extre
1206 3825 1297 3901 dem,

380 3904 458 3964 sieut
477 3906 545 3983 iste,
568 3907 619 3983 qui
642 3911 691 3966 est
709 3907 741 3966 in
763 3906 830 3982 rie,
851 3904 926 3965 lieet
944 3904 1082 3966 nondum
1102 3904 1198 3967 hebet
1217 3910 1297 3987 prio

383 4001 464 4043 rem:
487 3985 587 4046 edhne
605 3994 708 4050 temen
720 3987 936 4050 mihimet
951 3971 1114 4068 dublum,
1134 4004 1300 4073 eumpepe
1363 4012 1364 4097 p
