3075 4750
323 484 389 563 42⁰
684 448 689 459 ⁵
718 487 858 543 suerso

323 657 410 735 tutia,
438 664 482 736 ut,
502 674 573 733 curn
593 674 652 737 pro
673 674 707 717 se
728 655 890 737 loquitur,¹
911 656 1004 719 Deus.
1017 655 1101 733 sits)
1122 655 1252 719 iuterim

322 758 406 821 papa
434 747 466 801 et
491 739 668 819 sacerdota,
702 740 769 801 sine
796 738 933 803 haeresis
964 738 1028 801 ulla
1052 740 1251 819 suspicione3

324 842 393 886 cum
414 830 517 884 antem
538 830 646 884 conta
667 822 892 902 melequinos,
925 830 990 885 tum
1011 824 1142 903 primum
1163 822 1249 883 Deus

323 914 372 970 eat
396 908 550 987 superior,
583 914 616 966 et
638 904 885 967 declarationem
911 924 998 967 suas
1014 906 1187 969 sententiae
1207 904 1249 969 ch

322 989 458 1051 inferiori
478 1008 544 1049 nou
565 990 688 1068 putitiu,
710 1008 749 1049 ec
771 991 816 1049 sic
838 990 983 1069 iniquitas
994 990 1158 1065 incutiatur
1180 987 1248 1067 sibi,

323 1090 396 1133 vera
417 1079 520 1131 autem
543 1072 686 1151 loquutur
707 1072 795 1133 mihi..
1083 1112 1107 1131 vr

405 1154 521 1215 Omitto
544 1154 604 1232 hic,
626 1154 710 1233 quud
732 1156 869 1215 omniurn
892 1156 1047 1217 sententia
1066 1154 1247 1233 apostoliin

299 1246 462 1311 ,extremo
491 1238 584 1297 etiem
609 1238 724 1298 iudicio
747 1238 886 1299 dicantur
906 1236 1247 1318 approuustndioium

322 1320 452 1399 Christi,
474 1321 534 1380 nisi
555 1319 709 1381 Christum
731 1321 845 1381 Eccius
866 1328 962 1402 neget
979 1322 1025 1382 eis
1047 1321 1247 1400 superiorem,

321 1410 375 1463 aut
396 1422 451 1463 eos
473 1403 556 1463 dicut
576 1403 706 1465 frivolos
726 1423 804 1464 esse.

404 1487 537 1546 Primum
568 1495 670 1546 autern
700 1506 817 1565 quaero
849 1488 939 1566 (quia
959 1486 1037 1547 nihii
1058 1484 1247 1547 scholastice

321 1570 484 1649 loquitur),
507 1569 749 1648 exquibusnam
772 1570 1002 1631 Ecclesiastiuis
1020 1567 1175 1649 probetur,
1198 1586 1246 1627 sa·

321 1652 477 1713 cerdotem
500 1670 593 1732 posse
616 1652 774 1713 declarare
798 1672 916 1732 poenes
938 1653 1089 1715 reservari
1117 1652 1149 1714 in'
1176 1669 1247 1730 pur-

320 1734 497 1816 gatorium?
540 1734 651 1795 Nonne
673 1735 703 1797 id
726 1742 783 1814 est,
806 1735 890 1815 qnod
914 1734 1191 1817 egoimpugneui,
1214 1741 1249 1795 at

320 1818 394 1878 milri
414 1821 509 1898 piane
530 1816 668 1879 redditur
688 1838 744 1898 per
765 1821 949 1899 petitionem
971 1818 1144 1899 principiis
1156 1823 1246 1877 tanto

319 1900 531 1980 dialectiu0,et
542 1900 762 1981 quodamplius
775 1902 962 1982 nouStcioo,
971 1898 1027 1963 sed
1042 1900 1247 1981 peripatetico

315 1983 503 2044 dialectico?
535 1984 599 2043 lem
611 2002 704 2064 supro
721 1984 794 2063 dixi,
815 1986 917 2046 nullas
939 2000 1008 2045 ease
1029 2002 1148 2063 poenus
1168 1982 1246 2043 divi

320 2084 378 2126 nae
391 2067 572 2145 sententiae,
590 2068 686 2127 multo
704 2070 806 2127 minus
815 2070 847 2131 ei
858 2069 1044 2129 conformes,
1075 2065 1147 2129 Nou
1162 2067 1244 2127 enirn

319 2147 410 2209 dixit:
443 2148 660 2229 Quodcunque
676 2152 724 2211 vel
743 2158 890 2231 quantum
905 2170 964 2235 ego
981 2150 1118 2231 ligavero
1131 2150 1162 2208 in
1174 2167 1244 2209 coe-

319 2230 365 2310 lis,
386 2231 514 2312 ligetum
538 2235 595 2292 erit
616 2240 648 2293 et
669 2234 700 2292 in
723 2240 813 2313 terra,
836 2234 889 2295 sed
913 2242 1055 2295 econtra:
1078 2230 1244 2307 Quodcun-

318 2334 377 2395 que
391 2322 423 2377 tu
432 2315 577 2398 ligaveris
585 2322 642 2378 eto.
654 2334 733 2396 quae
742 2318 838 2392 verina
848 2318 950 2399 potius
962 2314 1243 2399 significantlleurn

286 2409 308 2436 ⁴
317 2399 489 2480 approhare
498 2399 748 2479 iactainierioris,
761 2409 795 2461 et
803 2401 874 2463 ideo
889 2402 952 2463 dixi
963 2417 1015 2461 me
1027 2404 1056 2465 6.
1071 2399 1244 2461 conclusio-

317 2501 387 2544 nem
400 2501 462 2542 non
476 2498 516 2542 ex
528 2483 631 2544 animo
647 2485 799 2562 posuisse,
816 2485 871 2546 sed
889 2492 925 2545 ut
939 2482 1076 2545 audirem
1089 2483 1179 2543 clins.

363 2602 367 2610 ‚
400 2564 542 2626 Becrrndo
566 2583 696 2644 quaero,
726 2567 886 2645 quomodo
916 2587 1021 2628 verum
1049 2567 1088 2628 sit
1116 2585 1242 2626 omnem

319 2648 512 2709 sacerdotem
535 2667 606 2708 esse
626 2667 738 2730 papam
761 2652 791 2709 in
813 2649 942 2711 articulo
965 2651 1092 2726 mortis,
1126 2650 1158 2710 ai.
1179 2666 1245 2710 nun

317 2733 442 2792 remittit
463 2738 516 2791 aut
536 2733 691 2791 remittere
712 2740 817 2811 potest
838 2752 962 2794 omnem
980 2731 1135 2814 poenum?
1168 2729 1239 2806 Sil)

317 2822 474 2892 potestat
495 2833 558 2874 non
582 2814 663 2893 facit,
686 2815 854 2894 quomodo·
868 2821 973 2878 manet
994 2817 1105 2876 ceritas
1126 2815 1160 2874 in
1181 2815 1243 2876 en?

316 2895 438 2958 lustitia
464 2897 595 2977 divina,¹
613 2898 729 2978 inquis,
761 2917 825 2959 non
854 2901 935 2960 sinit.
980 2899 1040 2960 Cur
1062 2916 1138 2978 ergo
1161 2898 1244 2958 sinet

316 2981 347 3038 in
370 2997 463 3059 papa,
485 2981 608 3059 quoties
629 2980 764 3042 voluerit
784 3001 875 3062 papa,
896 2984 981 3043 cuius
1004 2989 1077 3042 tunc
1093 2979 1244 3060 sacerdon

317 3062 417 3121 omnis
438 3065 523 3124 vices
544 3064 724 3142 plenissime
746 3065 845 3145 gerit?
977 3102 979 3113 ι

398 3145 467 3208 lom
489 3145 566 3205 iliud
587 3146 824 3226 pulcherrimum
851 3149 941 3228 (quia
955 3148 1159 3224 scotisticum,
1179 3164 1243 3206 nun

316 3235 418 3288 tamen
441 3228 680 3307 scholasticum)
702 3230 787 3309 quod
809 3232 1005 3292 animaenon
1018 3227 1242 3309 safisagendc,

316 3311 370 3371 sad
398 3313 472 3372 sutis
502 3313 650 3392 patiendo
679 3315 804 3376 solvunt
831 3333 967 3395 poenas·
986 3315 1018 3373 iu
1050 3312 1241 3393 purgatorio.

316 3392 438 3455 Gratias
460 3394 565 3474 θεοῖο,
588 3395 641 3475 qui
663 3396 761 3539 etsi}
778 3397 1083 3474 scholasticissimus,
1104 3394 1243 3473 nihilque

316 3479 417 3557 sapiat
439 3479 699 3557 ecclesiasticum,
761 3483 861 3542 ocium
888 3487 991 3540 tamen
1017 3479 1092 3540 iecit
1114 3477 1243 3560 (mirum

315 3558 414 3635 dictu)
435 3562 788 3622 ‘ecclesiasticissimuum
840 3563 934 3638 Quasi
963 3562 1043 3622 ullus
1072 3569 1135 3622 tum
1153 3560 1241 3622 rudia

315 3660 391 3703 esse.
405 3646 505 3724 possit
525 3646 668 3723 rusticus,
690 3646 829 3725 quinon
852 3648 930 3708 sciat
949 3663 1153 3726 poenas-nou
1165 3643 1245 3706 ferri

315 3726 373 3785 nisi
395 3744 415 3786 a
434 3728 561 3788 velante
590 3727 705 3809 (modo
728 3731 790 3789 sint
809 3739 873 3790 n'on
893 3728 1058 3802 infernales
1081 3734 1113 3788 et
1129 3727 1242 3807 impio·

367 3943 400 4003 1)
419 3941 452 3995 ln
471 3943 513 3996 ed.
533 3945 663 3999 wittenb.
682 3938 803 4014 el-npud
821 3941 935 4000 Lcssch.
954 3950 1003 3998 est
1032 3942 1166 4012 Diluta
1187 3945 1239 3996 sin,

315 4011 346 4078 3)
365 4011 435 4070 Ibid.
457 4014 581 4069 additum
603 4016 726 4086 legitur:
751 4021 804 4072 est,
858 4028 892 4050 ι·
940 4041 943 4052 ,
