3075 4750
161 4226 166 4427 l

547 487 577 542 F.
595 488 729 544 lobannis
748 489 870 545 'l'etnelii
1112 492 1177 556 307

254 655 358 752 gilde
373 656 445 800 di⁸’
477 676 556 738 quae
578 664 649 722 sunt
668 658 767 740 fidei,
786 661 818 722 in
840 659 953 724 iudioio
975 630 1014 722 de
1035 661 1080 721 eis
1102 679 1177 721 sen·
1246 637 1252 643 ”

255 745 377 904 tenuia)
395 759 540 886 ilooendi
576 830 647 885 sunt
668 823 850 904 Christiani,
886 825 970 906 quod
1001 807 1187 887 sententiae

186 882 191 889 1
247 924 370 986 'papae’
394 903 486 986 quain
508 905 547 967 de
567 907 616 967 his
639 927 718 987 quae
740 907 813 968 fidei
834 915 905 969 sunt
925 909 1060 988 profert,
1081 909 1112 970 in
1134 909 1177 969 iu·

254 988 333 1050 dieio
346 991 447 1070 magis
458 989 600 1050 standum
617 998 673 1069 est,
686 1009 779 1070 qnam
790 993 964 1054 sententiae
975 1011 1177 1073 quorumeun-

254 1089 311 1151 que
324 1072 485 1134 hominum
499 1073 673 1153 sapientum
686 1076 718 1134 in
739 1075 956 1157 seripturarum
970 1076 1177 1156 opinionibus.

338 1153 377 1233 8)
396 1153 545 1218 vDooendi
567 1163 638 1217 sunt
660 1155 840 1237 Christiani,
863 1157 946 1238 quod
968 1179 1050 1239 papa
1070 1159 1110 1220 ab
1133 1163 1177 1219 eis

255 1235 347 1300 debet
370 1257 492 1322 semper
513 1245 545 1299 et
566 1239 722 1301 humiliter
737 1241 895 1319 honorari,
917 1248 948 1302 et
959 1261 1020 1303 non
1033 1243 1177 1304 iniuriari.

337 1317 375 1402 9)
400 1319 542 1382 Dooendi
575 1328 646 1383 sunt
673 1321 853 1400 Christiani,
887 1323 969 1403 quod
1002 1325 1113 1385 honori
1147 1333 1179 1388 et

254 1405 410 1465 autoritati
442 1423 543 1486 papae
572 1404 758 1488 derogantes
792 1396 1021 1468 maledictionis
1042 1427 1177 1489 poenam

254 1505 289 1548 ao
309 1485 417 1548 laesae
441 1489 609 1548 maiestatis
632 1489 747 1550 crimen
768 1491 934 1551 incurrunt.

336 1573 396 1645 10)
420 1565 562 1632 Dooendi
584 1578 655 1632 suut
676 1571 856 1650 Christiani,
887 1571 970 1652 quod
991 1592 1104 1652 papam
1126 1571 1177 1632 de-

253 1653 418 1715 risionibus
467 1652 769 1734 detractionibusque
807 1663 1000 1736 exponentes
1041 1656 1177 1716 haeresis

254 1734 322 1796 labe
345 1741 502 1814 notantur,
526 1742 557 1798 et
579 1756 598 1797 a
619 1756 674 1816 spe
696 1740 783 1818 regni
804 1739 949 1800 eoelestis
966 1737 1177 1823 exeluduntur.

337 1823 396 1894 11)
421 1819 562 1881 Dooendi
584 1827 654 1880 sunt
676 1819 856 1902 Christiani,
886 1819 971 1901 quod
992 1818 1105 1902 papam
1127 1820 1178 1881 de·

253 1900 443 1964 honorantes
464 1903 635 1984 ignominia
645 1905 817 1984 temporali,
842 1912 874 1966 et
887 1904 1071 1984 quandoque
1085 1905 1179 1964 etiam
1219 1948 1222 1953 .

255 1993 353 2046 morte
377 1987 511 2067 pessima
532 2004 569 2046 ao
592 1986 774 2048 confusione
797 1986 982 2049 seandalosa
1003 1988 1177 2068 puniuntur.

336 2069 396 2146 12)
420 2068 561 2131 Dooendi
583 2075 653 2130 sunt
668 2069 842 2149 Christiani,
864 2070 947 2150 quod
966 2071 1069 2132 clares
1081 2071 1179 2132 eoele-

254 2151 315 2212 siae
338 2171 404 2212 non
427 2151 592 2214 universali
614 2153 781 2230 eeclesiae,
808 2173 888 2234 quae
909 2153 1020 2214 dieitur
1041 2155 1177 2214 omnium

254 2231 390 2294 fidelium
425 2235 586 2314 oolleotio,
619 2235 674 2296 sed
695 2235 788 2298 Petro
818 2244 849 2297 et
869 2237 988 2318 Papae,
1020 2243 1051 2297 et
1078 2238 1178 2296 ineis

254 2317 396 2381 omnibus
428 2337 534 2379 eorum
556 2319 786 2381 suecessoribus
809 2327 840 2381 et
861 2321 1010 2381 universis
1031 2319 1178 2401 praelatis

252 2400 371 2482 suturis,
381 2420 438 2483 per
447 2402 671 2464 derivationem
683 2422 789 2466 eorum
799 2406 830 2463 in
844 2404 940 2483 ipsos,
953 2402 1175 2467 suntoollatae.

337 2484 395 2569 13)
419 2470 560 2547 Dooendi
582 2493 653 2547 sunt
666 2486 840 2565 Christiani,
862 2486 946 2567 quod
968 2486 1177 2568 plenissimam

253 2567 477 2649 indulgentiam
499 2587 563 2629 nou
585 2570 749 2630 eonsilium
770 2571 933 2650 generale,
971 2588 1029 2629 neo
1049 2568 1179 2649 praelati

255 2650 307 2711 alii
329 2652 483 2713 eeclesiae
507 2652 596 2711 sirnnl
617 2653 668 2713 vel
690 2652 863 2714 disiunotim
877 2653 950 2713 dare
960 2659 1101 2733 possunt,
1123 2651 1178 2712 sed
1286 2736 1289 2742 Ι
1375 2659 1376 2690 i

253 2734 338 2795 solus
362 2753 461 2815 papa,
484 2735 534 2814 qui
558 2740 606 2795 est
627 2754 759 2815 sponsus
783 2736 962 2797 universalis
985 2736 1146 2796 eeclesiae.

335 2818 395 2895 14)
418 2816 559 2878 Dooendi
593 2825 664 2879 snnt
685 2818 866 2898 Christiani,
904 2818 987 2898 quod
1017 2819 1177 2885 veritatem

252 2900 289 2959 et
302 2897 399 2981 fidem
421 2900 461 2961 de
481 2900 679 2981 indulgentiis
702 2901 852 2975 habendis
874 2902 975 2963 nullus
994 2902 1180 2981 mortalium,

251 2982 313 3043 imo
336 3002 397 3045 neo
418 2984 582 3044 oonoilium
603 2984 759 3065 generale,
783 2983 838 3062 sed
860 2985 944 3046 solus
960 3004 1052 3066 papa,
1074 2985 1179 3066 quide

252 3066 409 3127 catholiea
441 3066 572 3129 veritate
590 3069 874 3129 ,sententionaliter
908 3067 1001 3129 habet
1019 3068 1178 3147 iudicare,

251 3155 357 3228 potest
379 3148 590 3211 determinare.

263 3302 265 3307 k
335 3229 394 3315 15)
419 3232 559 3293 Dooendi
578 3238 660 3311 ,sunt
695 3226 875 3314 Christiani,
909 3232 992 3313 quod
1026 3230 1179 3294 catholiea

251 3316 365 3377 veritas
399 3314 508 3376 dieitur
536 3317 648 3379 veritas
679 3317 879 3399 universalis,
913 3323 946 3378 et
972 3316 1056 3397 quod
1078 3335 1117 3381 ea
1137 3316 1177 3376 ab

253 3398 396 3459 omnibus
409 3396 520 3459 Christi
541 3396 683 3460 fidelibus
705 3399 788 3460 orodi
811 3400 913 3479 dehet,
936 3398 1081 3480 quodque
1104 3397 1178 3457 nihil

252 3489 304 3543 ant
323 3480 467 3542 falsitatis
489 3488 543 3542 aut
565 3482 733 3561 iniquitatis
755 3484 786 3543 in
809 3504 844 3544 se
857 3484 1032 3547 vcontineat.

335 3567 393 3640 16)
418 3563 558 3626 Dooendi
594 3571 665 3625 sunt
707 3565 885 3646 Christiani,
917 3565 1009 3645 'quod
1046 3564 1179 3626 eeclesia

252 3649 349 3710 multa
369 3651 455 3708 tenet
475 3649 620 3711 veritates
635 3646 663 3731 ¹)
689 3650 874 3727 natholioas,
903 3667 983 3727 quae
1004 3649 1035 3706 in
1057 3665 1178 3707 oenone

252 3749 359 3795 saonae
381 3731 550 3811 scripturae
571 3733 684 3793 veteris
707 3738 739 3792 et
760 3732 833 3793 novi
854 3730 1043 3791 Testamenti
1064 3732 1095 3790 iu
1108 3748 1177 3811 pro·

251 3814 317 3894 pria
339 3813 504 3875 verborum
526 3814 625 3875 forma
646 3814 772 3876 minime
794 3814 999 3876 eontinentur.

306 4012 338 4082 1)
360 4012 487 4069 touch:
510 4018 541 4066 nt
559 3994 697 4069 veritates.
745 4068 749 4086 ,

899 4134 964 4199 200
