3075 4750
607 515 641 554 ι
654 500 730 557 rsus
743 501 843 556 annu.
1133 497 1195 567 rat

268 670 378 749 nibus,
409 671 473 732 hoe
500 675 549 732 eat
568 673 715 733 *amatur
744 691 785 732 ax
805 670 867 732 illis
885 671 974 733 'velut
994 689 1033 732 ex
1055 674 1192 751 materia,

270 773 335 814 non
356 754 391 813 in
411 754 467 815 illa
488 755 584 815 ierhrr
604 756 684 816 siout
702 757 733 814 in
752 755 922 818 'abiuntum
945 755 1030 816 Siout
1050 757 1076 816 si
1099 755 1194 835 dieas,

269 838 352 898 calix
384 835 422 898 sst
453 838 651 899 axiomata
670 837 774 918 igne,
810 839 865 899 sed
895 857 959 899 non
992 839 1063 900 ideo
1090 840 1223 921 ignem-

269 939 395 1000 semper
414 938 528 1001 sapere
550 918 652 1000 dehet,
681 922 736 981 sed
755 923 872 1000 vinum.
914 921 986 996 inm
1004 941 1096 983 omne
1116 939 1194 1002 opus

270 1003 355 1063 alind
377 1002 475 1065 habet
496 1005 680 1086 principium
703 1012 735 1065 et
759 1005 854 1065 atium
885 1023 988 1080 usum,
1020 1023 1085 1066 neu
1112 1005 1194 1066 idem

270 1092 320 1147 est
350 1088 537 1166 prinoipium
571 1103 625 1148 seu
659 1105 753 1148 eausa
781 1089 909 1148 alieuius
943 1095 975 1148 et
1001 1107 1073 1148 usna
1095 1087 1194 1148 simul.

269 1169 349 1250 Spes
373 1175 422 1230 est
443 1183 522 1250 opus
543 1187 674 1250 operum
695 1168 727 1232 et
747 1173 937 1252 passionum,
961 1171 1014 1231 sed
1038 1187 1112 1232 usus
1129 1173 1194 1232 eius

269 1259 319 1313 est
344 1254 379 1312 in
406 1253 522 1313 nudum
544 1255 644 1314 Deum
672 1254 849 1334 confidere,
882 1265 975 1332 quem
1009 1273 1072 1315 uon
1100 1255 1195 1334 videt,

270 1336 410 1415 ahoquin
434 1336 517 1415 quod
539 1336 625 1397 videt
644 1339 730 1416 quis,
753 1337 826 1416 quid
850 1337 972 1417 eperat?
1005 1338 1060 1397 sed
1088 1340 1196 1398 merita

270 1420 379 1498 utique
400 1419 495 1480 videt.
539 1422 600 1479 Aut
626 1437 721 1498 qnare
749 1437 812 1480 nou
840 1427 872 1479 et
898 1421 1048 1500 patientia
1073 1423 1195 1482 tributa

270 1503 392 1562 tionem
414 1519 537 1581 semper
557 1511 664 1562 seeum
683 1510 770 1564 teum
790 1510 822 1563 et
850 1503 992 1582 probatio
1014 1505 1195 1583 patientiam

271 1591 303 1644 et
326 1601 399 1664 spes
420 1585 663 1665 probationem?
698 1587 784 1666 lingo
803 1594 932 1646 aeterna
960 1588 1018 1646 erit
1037 1587 1195 1652 tribulatio

271 1669 302 1726 in
324 1667 385 1727 hae
414 1669 477 1728 vita
494 1674 527 1727 et
555 1670 705 1748 patientia
732 1676 764 1729 et
793 1669 945 1748 probatio.
989 1669 1050 1731 Sed
1073 1671 1196 1731 tribula-

270 1751 366 1816 t'onis
389 1767 467 1831 opus
489 1757 537 1810 est
562 1752 721 1832 probatio,
743 1771 818 1835 ,non
845 1771 940 1831 usus,
976 1760 1007 1813 et
1028 1755 1196 1834 patientiae

273 1851 351 1914 opus
375 1841 423 1894 est
443 1834 603 1914 probatio,
631 1852 696 1896 non
719 1855 806 1914 usus,
838 1853 910 1916 spes
944 1855 1018 1898 varo
1048 1839 1109 1898 iam
1132 1857 1195 1898 non
1244 1853 1250 1862 ¹

270 1922 420 2060 oupegatur
440 1917 535 1995 atiud,
557 1918 616 1977 nisi
637 1918 767 1998 gloriam
790 1927 916 1999 sertam,
938 1937 1018 2000 quae
1040 1938 1103 1982 non
1123 1941 1196 1982 oon·

304 2019 325 2059 n
347 2001 382 2061 it.
732 2026 736 2032 ·
775 2031 778 2038 ’

380 2314 381 2317 ¹
531 2278 536 2286 .
656 2180 814 2294 'uerno

455 2337 495 2398 in
510 2336 584 2410 ’dio
606 2339 734 2400 saneti
757 2339 955 2402 Matthaei.
974 2339 1011 2419 ³)

356 2442 432 2505 Non
455 2451 503 2505 est
523 2464 600 2528 opus
622 2439 743 2507 medico
766 2445 938 2507 valentibus
966 2449 1021 2511 sed
1043 2448 1123 2511 male
1144 2450 1196 2511 ha-

278 2526 433 2591 bentibus.
475 2528 581 2590 Matth.
612 2530 640 2593 9.
682 2526 750 2589 Hoa
785 2529 979 2611 evangelium
1016 2538 1077 2593 tam
1106 2532 1196 2595 fusile

279 2610 419 2691 videtur,
453 2618 487 2671 ut
508 2612 715 2692 unusquisque
742 2612 846 2671 statim
865 2612 1001 2675 auditum
1023 2614 1196 2697 intelligere

278 2712 349 2754 sese
374 2691 489 2773 eredat,
511 2713 580 2755 oum
601 2700 704 2775 tamen
727 2691 806 2756 adeo
830 2696 869 2755 sit
889 2696 1084 2777 profundum,
1106 2706 1148 2781 ut,
1171 2700 1196 2759 si

262 2754 340 2838 ‘duo
363 2774 476 2857 adsint,
499 2778 550 2857 qui
572 2776 648 2838 illud
669 2778 761 2859 plene
782 2777 967 2861 intelligunt,
990 2784 1063 2843 satis
1086 2783 1134 2846 sit.
1164 2780 1195 2844 Si

276 2861 359 2920 enim
415 2860 554 2939 uisquam
586 2858 812 2941 interrogatur,
848 2860 887 2923 de
917 2883 1046 2943 quorum
1069 2884 1195 2927 numero

277 2961 346 3003 sese
369 2878 541 3022 aihitretur,
560 2942 632 3024 hoo,
655 2944 804 3025 suspicor,
826 2946 1043 3028 responderet,
1076 2946 1115 3009 de
1143 2969 1195 3009 nu-

275 3044 361 3086 mero
397 3025 477 3088 male
503 3024 682 3089 habentium
710 3033 741 3087 et
786 3034 960 3089 eaaatorum
983 3031 1020 3092 au'
1042 3033 1196 3095 sociorum

273 3108 440 3191 Matthaei,
472 3109 545 3189 quia
577 3128 619 3170 so.
652 3109 704 3171 ubi
778 3111 869 3170 ristus
899 3120 963 3192 est,
997 3134 1104 3176 amnas
1128 3134 1196 3177 esse

275 3192 436 3273 volumus,
468 3211 591 3274 semper
620 3190 750 3255 meliora
772 3190 811 3253 de
838 3191 927 3259 nohis
955 3204 1196 3279 praesumentes,
1263 3190 1274 3199 ’

275 3274 438 3353 nullusque
481 3272 521 3336 de
554 3292 682 3340 numero
716 3275 951 3339 Pharisaeorum
985 3280 1050 3344 vult
1080 3280 1225 3360 babath·

274 3358 458 3440 praesertim
479 3356 522 3440 hi,
535 3355 596 3438 'qui
619 3365 689 3419 sunt
709 3359 780 3418 iusti
803 3367 835 3420 ot
857 3362 1029 3443 sapientes,
1061 3384 1131 3427 uum
1154 3372 1195 3425 ta
1307 3370 1312 3375 “

275 3460 346 3502 men
368 3440 483 3521 sintin
506 3441 609 3502 me'dio
632 3461 749 3508 eorum.
790 3442 887 3525 igitur
916 3448 1028 3507 veritas
1055 3455 1087 3508 et
1113 3447 1195 3507 iusti·

275 3524 329 3602 tia,
351 3524 373 3585 i.
394 3543 420 3587 e.
445 3522 582 3585 Christus
605 3544 668 3585 uon
689 3526 784 3604 venit,
806 3528 865 3587 nisi
886 3526 937 3589 ubi
959 3549 1023 3591 nun
1045 3536 1101 3611 est,
1122 3530 1194 3595 ideo

277 3626 341 3667 non
364 3607 453 3667 venit
474 3606 533 3666 nisi
551 3606 590 3667 ad
612 3607 786 3689 mendaces,
816 3608 927 3673 stultos
948 3631 986 3673 ao
1005 3618 1195 3693 peccatores.

277 3688 336 3751 sed
359 3695 393 3750 ut
413 3688 632 3773 intelligamus,
655 3690 727 3771 quid
747 3690 900 3755 Dominus
920 3694 1066 3775 intendit,
1100 3696 1195 3759 saion·
1224 3776 1226 3783 ‚

278 3825 698 3847 mmm

256 3885 265 3895 ’
331 3876 361 3945 ⁸]
382 3877 434 3932 Hie
452 3894 545 3933 sermo
574 3844 679 3951 etipse
697 3858 814 3937 exaud.
834 3880 882 3937 illo
901 3881 975 3937 MSo.
994 3881 1135 3950 redditus,
1160 3884 1195 3943 la

280 3948 351 4068 {itur
369 3948 443 4019 apud
461 3920 607 4024 Loessher.
624 3952 644 4021 1,
663 3952 715 4009 289
739 3968 800 4027 sqq,
824 3958 851 4009 et
875 3948 967 4008 Germ.
996 3955 1074 4035 apud¹
1090 3956 1194 4015 Walah.

301 4018 335 4088 11,
353 4018 425 4076 2238
441 4036 502 4090 sqq.
