3075 4750
348 476 411 540 144
676 475 826 532 Sermones
845 475 956 532 [ratheri
1029 527 1034 542 ,

353 645 500 724 seientia,
536 644 590 706 dat
621 647 805 708 sententiam
841 645 934 708 iudex
960 651 991 708 et
1018 644 1277 722 excommunicat,

349 728 489 789 ultimum
522 730 655 790 minatur
675 749 810 810 poenam
833 736 992 790 externam
1015 737 1047 790 et
1068 728 1144 788 mire
1165 725 1275 807 affligis

347 831 430 890 mur,
461 811 564 872 donee
591 813 736 874 cedamus
758 822 791 873 et
812 812 964 874 dieamus:
1000 811 1083 872 Eoos
1104 812 1184 872 retia
1205 829 1274 873 oum

347 913 445 972 nsve3
478 895 610 974 amplius
631 896 708 956 nihil
729 896 848 976 habeo,
882 895 1007 956 valeant
1028 895 1142 955 omnia.
1185 893 1275 954 Hune

346 995 514 1056 pauperem
536 984 610 1038 tune
630 980 759 1059 suscipit
779 979 879 1056 Deus,
908 980 981 1058 quia
1012 977 1094 1038 beati
1120 995 1274 1056 pauperes

347 1060 471 1138 spiritu,
494 1063 640 1138 quoniam
662 1063 799 1142 ipsorum
823 1069 871 1122 est
891 1081 1020 1142 regnum
1043 1060 1218 1122 coelorum:
1242 1066 1274 1120 et

345 1144 472 1221 iterum,
505 1143 610 1205 salvos
635 1145 728 1205 faciet
754 1144 836 1206 iiiios
858 1164 1037 1225 pauperum.
1079 1142 1168 1203 Hane
1190 1144 1273 1221 quie·

346 1230 408 1284 tern
436 1227 587 1300 sentiunt,
617 1230 670 1307 qui
698 1227 810 1288 affeetu
838 1247 939 1288 rerum
967 1227 1075 1288 relicto
1105 1225 1166 1286 slis
1188 1224 1272 1287 bona

346 1309 470 1386 sapiunt
489 1310 520 1368 in
542 1309 614 1371 fide.
656 1311 731 1376 Ideo
755 1312 812 1388 ait,
847 1310 941 1372 eorde
973 1309 1105 1370 ereditur
1125 1307 1165 1368 sd
1188 1309 1271 1370 iusti·

347 1392 438 1469 tiam,
469 1411 532 1453 nou
567 1395 627 1472 ait,
660 1395 775 1454 divitiis
807 1413 845 1454 ao
867 1393 978 1454 debitis
1000 1393 1107 1452 salutis
1128 1410 1185 1472 per
1206 1411 1272 1452 ees-

347 1473 428 1534 dem.
472 1475 523 1535 Sie
545 1477 596 1555 qui
619 1495 690 1536 oum
711 1477 742 1541 S.
756 1476 883 1538 Andres
904 1476 1018 1554 dieunt,
1041 1493 1060 1536 o
1082 1473 1166 1535 bona
1187 1494 1272 1552 orux,

346 1556 433 1617 salve
455 1576 530 1618 erux
550 1561 703 1638 pretiosa,
734 1579 814 1639 quas
842 1559 986 1620 decorem
1018 1564 1050 1618 et
1075 1557 1272 1637 pulchritudi-

346 1659 417 1700 nem
439 1640 479 1700 de
509 1642 653 1702 membris
674 1643 800 1704 Domini
830 1645 967 1720 traxisti,
1004 1643 1128 1720 suscipe
1160 1659 1211 1701 me
1242 1647 1273 1702 et

345 1722 442 1783 redde
465 1744 515 1784 me
536 1727 702 1805 magistro,
731 1727 783 1805 qui
812 1745 868 1806 per
897 1733 928 1786 te
956 1744 1006 1785 me
1034 1723 1172 1785 redemit.
1217 1723 1270 1784 isti

346 1812 435 1885 suut,
458 1808 509 1886 qui
531 1809 657 1886 eupiunt
677 1808 760 1868 hune
783 1807 926 1870 effectum
947 1827 1048 1868 rerum
1071 1807 1132 1866 eito
1156 1813 1188 1866 et
1209 1827 1273 1867 ma-

345 1891 429 1949 xime
450 1889 597 1970 crucifigi,
620 1891 681 1952 hoo
701 1893 783 1952 enim
806 1891 960 1973 signifieat
980 1887 1093 1950 Christi
1110 1889 1271 1950 nudissimi

346 1970 520 2052 erueifixio,
549 1975 600 2051 qui
622 1973 750 2054 figuram
773 1976 805 2034 in
828 1994 862 2035 se
883 1975 980 2055 gessit
1000 1974 1113 2033 veteris
1136 1973 1270 2034 hominis

345 2061 378 2115 et
397 2055 486 2115 huius
507 2055 636 2116 effeetus
657 2076 696 2117 ao
717 2058 817 2118 males
838 2059 926 2118 navis
946 2055 1179 2136 relinquendas.
1211 2056 1269 2116 Re·

345 2138 513 2216 linquendo
535 2141 618 2199 enim
639 2141 801 2201 mortalem
825 2142 920 2202 vitam
944 2139 1082 2220 eorporis
1101 2140 1157 2217 sui,
1179 2139 1269 2200 relin-

345 2220 500 2300 quendum
522 2222 628 2284 docuit
648 2223 793 2285 affectum
814 2243 914 2285 rerum
935 2223 1167 2301 transeuntium,
1186 2222 1269 2301 quod
1375 2249 1376 2252 ¹

345 2311 376 2364 et
396 2303 565 2387 signifieat,
588 2312 622 2366 ut
642 2306 718 2388 dixi,
741 2309 806 2368 eius
829 2306 966 2368 nudatio.

426 2391 504 2450 Sunt
532 2396 563 2451 et
593 2391 646 2451 alii
672 2391 798 2472 quidam
825 2393 995 2472 piscatores
1025 2408 1125 2451 vanae
1146 2388 1268 2469 gloriae

342 2479 374 2532 et
395 2475 583 2552 securitatis,
614 2494 744 2554 quorum
771 2476 849 2535 retia
875 2474 1028 2553 sapientis
1050 2480 1081 2531 et
1101 2472 1215 2533 iustitia
1238 2481 1269 2534 et
1374 2528 1375 2531 ,

342 2555 425 2615 bona
454 2575 564 2636 opera,
598 2565 632 2625 et¹
651 2559 739 2619 navis
761 2560 830 2637 ipse
852 2556 975 2619 sffeotio
998 2556 1142 2616 vanitatis
1164 2555 1267 2617 huius·
1374 2598 1375 2622 t

341 2638 442 2699 modi:
479 2639 588 2718 quibus
623 2642 719 2701 multo
748 2639 901 2701 difficilius
934 2644 983 2700 est
1014 2638 1108 2699 eorde
1130 2637 1267 2716 eredere,

342 2722 415 2799 quia
447 2721 600 2781 difficilius
635 2730 682 2784 est
709 2724 759 2786 hie
793 2725 899 2784 omnia
919 2722 1094 2800 relinquere
1116 2728 1148 2781 et
1169 2724 1265 2783 crusi-

341 2802 403 2883 figi.
446 2804 687 2867 Ideodiiiioiiius
708 2825 832 2886 quoque
855 2814 911 2883 est,
934 2824 989 2867 eos
1005 2803 1172 2882 iustificari,
1196 2824 1265 2865 oum
1373 2858 1374 2894 ,

340 2888 437 2947 iustus
461 2907 525 2949 non
548 2889 601 2968 sit,
635 2891 692 2949 nisi
718 2890 813 2951 eorde
835 2889 949 2951 eredat.
991 2888 1098 2949 Justus
1121 2889 1204 2948 enirn
1226 2908 1265 2949 ex

341 2968 404 3029 fide
424 2971 514 3049 vivit,
543 2971 670 3033 eredere
692 2980 795 3033 autem
817 2992 880 3033 non
903 2977 1022 3052 potest,
1045 2972 1104 3031 nisi
1126 2969 1201 3031 nihil
1224 2972 1265 3032 vi-

341 3052 415 3113 deat
443 3061 498 3113 aut
525 3057 645 3115 sentiat·
664 3064 719 3117 aut
747 3062 855 3136 tangat
882 3056 963 3116 intus
992 3062 1025 3114 et
1054 3060 1154 3115 extus.
1197 3054 1266 3117 Hoo
1372 3116 1373 3131 ἶ

340 3142 443 3195 autem
477 3144 525 3197 est
550 3138 697 3219 suspendi
724 3141 756 3199 in
786 3157 892 3217 eruce,
919 3137 971 3199 ubi
994 3155 1144 3216 nusquam
1166 3136 1266 3217 tangit
1372 3132 1373 3166 i

341 3226 463 3299 terram,
485 3222 516 3279 in
541 3240 602 3300 qua
621 3222 768 3300 confidat,
789 3222 867 3283 haee
890 3229 937 3281 est
958 3221 1008 3280 vio
1028 3219 1263 3299 proficientium.

339 3301 429 3363 Unde
457 3322 521 3364 non
548 3306 606 3384 sit,
641 3304 786 3385 operibus
809 3304 899 3367 bouis
920 3304 1098 3384 pervenitur
1118 3303 1156 3363 ad
1179 3304 1263 3363 iusti·
1371 3370 1372 3383 ,

339 3386 412 3445 tietn
427 3386 480 3465 ³¹⁸),
502 3388 599 3448 multo
620 3388 764 3467 sciendo,
786 3389 944 3468 sapienter
963 3385 1185 3466 intelligendo,
1207 3386 1262 3447 sed

339 3470 434 3531 eorde
456 3469 630 3549 eredendo,
660 3473 779 3533 scilieet
799 3472 945 3550 quoniam
967 3470 1126 3530 hominum
1148 3488 1263 3531 resers-

339 3560 387 3614 tur
408 3555 508 3614 omnis
535 3556 687 3634 sapientia
719 3560 751 3615 et
779 3560 919 3615 movetur
947 3554 1026 3613 siout
1052 3552 1163 3614 ebrius.
1207 3551 1263 3613 Hie
1313 3574 1315 3584 ’
1370 3586 1371 3627 3

336 3636 451 3716 disere,
475 3657 493 3698 o
516 3636 599 3698 bona
621 3656 705 3716 crux,
728 3656 872 3717 magnum
896 3642 952 3697 est.
995 3635 1065 3695 Hoo
1086 3642 1189 3696 autern
1211 3655 1261 3717 ge·
1370 3642 1371 3645 ’

336 3739 395 3779 nus
425 3720 583 3780 hominum
611 3722 653 3781 its
680 3720 756 3782 latet
778 3722 869 3781 etism
893 3738 1038 3800 superos,
1073 3725 1106 3779 ut
1132 3738 1195 3779 non
1220 3730 1260 3780 te-

393 3974 424 4042 *)
445 3972 590 4027 Confessio
609 3978 707 4026 contra
723 3975 859 4074 iustitipm
879 3988 1003 4043 operum.
