3075 4750
370 486 432 556 106
706 491 855 548 Smenos
873 489 984 548 tutmrl

369 656 508 728 nouum
535 659 671 738 hebere,
710 679 802 740 quum
829 660 887 724 Dei
916 659 1087 725 bonitatum
1114 663 1146 722 et
1172 655 1289 722 nsbnu'r

370 752 556 821 ereaturam,
590 741 746 823 quomodo
775 743 856 807 ciros
885 741 1063 824 Magistrum
1073 741 1110 818 ³)
1149 737 1288 802 definitio

370 828 438 908 spei
459 826 508 887 vel
532 832 579 886 est
599 827 678 886 falsu
698 827 749 887 vel
769 825 848 887 fuiss
859 826 1048 907 intelligitur.
1081 824 1193 902 Primo,
1217 824 1289 903 quie

368 929 442 990 spes
464 915 511 971 est
532 909 627 970 virtue
649 909 759 988 infuse,
775 906 829 990 (ut
845 908 1087 982 omuesdiounl)
1109 913 1182 970 aute
1195 925 1291 976 omne

369 992 521 1068 meritum,
544 998 576 1052 et
597 1011 637 1052 ex
659 993 728 1073 ipse
747 993 851 1073 potius
871 992 1059 1074 proveniunt
1078 991 1195 1068 merite,
1218 989 1291 1069 quie

368 1075 414 1138 sie
433 1073 562 1154 implere
575 1080 632 1154 ,est
652 1075 776 1155 pleoere
796 1076 863 1136 Deo
892 1075 959 1135 sine
985 1067 1061 1151 fite,
1094 1079 1125 1134 et
1151 1074 1194 1134 ite
1223 1073 1290 1133 sine

368 1163 470 1237 epoet
484 1159 620 1236 ueritate,
635 1159 688 1236 qui
709 1164 813 1218 eutem
836 1176 899 1218 non
921 1157 1047 1238 pluoent
1065 1158 1158 1238 prius,
1180 1157 1291 1217 merite

369 1240 473 1301 iuoere
499 1260 563 1301 non
580 1247 731 1321 possunt.
781 1239 942 1318 Secundo,
971 1241 1042 1320 quie
1069 1239 1215 1321 Megisten
1244 1239 1291 1300 sio

369 1323 622 1401 absolvendus,
644 1322 734 1402 dioit,
754 1322 840 1404 quod
861 1325 1005 1403 provenit
1023 1339 1064 1385 ex
1084 1323 1211 1397 meritis,
1234 1319 1290 1382 sed
1318 1371 1324 1380 .

369 1406 467 1467 lertur
485 1408 517 1467 in
537 1407 647 1484 Deum,
667 1405 722 1467 ille
742 1412 846 1466 eutem
868 1425 956 1487 spem
976 1407 1006 1472 in
1029 1407 1137 1467 merite
1153 1404 1290 1466 eollooet

369 1495 405 1549 ut
422 1490 456 1549 in
477 1489 707 1550 fundumentum
730 1487 877 1566 iiduoiee,
898 1490 1002 1570 potius
1023 1507 1117 1569 quem
1139 1507 1178 1548 ex
1200 1488 1290 1548 meri·

370 1574 411 1632 tis
430 1571 590 1652 producet
615 1572 702 1654 'Ego
731 1579 834 1632 eutem
862 1574 907 1634 sio
934 1591 1004 1634 eum
1036 1589 1169 1648 erroneo,
1204 1569 1289 1649 quod

369 1655 516 1734 loquetur
534 1655 577 1716 de
596 1675 654 1737 spe
673 1655 802 1736 proemii
824 1655 965 1716 instantis
983 1661 1015 1715 et
1033 1654 1212 1736 permultos
1225 1658 1289 1714 teu-

371 1739 505 1800 tetionee
525 1738 658 1819 probate
677 1745 710 1798 et
731 1737 915 1818 oertiiioete,
948 1739 1021 1798 boet
1049 1737 1118 1818 ipse
1145 1741 1291 1814 tenum,

369 1820 449 1880 bueo
468 1822 578 1881 merite
597 1839 662 1881 non
684 1821 843 1899 aestimet,
876 1822 943 1882 Deo
975 1827 1078 1882 tumen
1107 1820 1291 1880 aestimante

370 1921 427 1984 per
453 1903 533 1963 bueo
560 1909 607 1963 est
636 1904 820 1967 confortatu.
862 1904 942 1964 Nem
963 1903 1004 1964 de
1025 1922 1081 1984 spe
1100 1903 1290 1964 remissionis

369 1992 567 2066 pennatorum
585 1991 617 2046 ot
630 1985 739 2046 initiali
753 1992 847 2066 elque
865 1988 966 2048 infuse
978 2005 1041 2048 non
1055 1993 1102 2047 est
1113 2004 1172 2046 neo
1186 1990 1292 2065 potest

299 2131 305 2140 ,
369 2068 519 2150 intelligi,
548 2087 617 2128 oum
646 2075 793 2149 oporteat
823 2067 1006 2134 eooedentes
1034 2067 1174 2145 eredere,
1208 2065 1291 2148 quod

368 2151 455 2214 Deus
477 2152 518 2212 sit
538 2158 571 2212 et
589 2158 802 2212 remunerator
823 2153 869 2214 sit
902 2151 1008 2233 Igitur,
1029 2157 1063 2213 ut
1084 2151 1219 2216 breviter
1240 2169 1291 2211 ox·

368 2233 549 2314 podismus,
570 2236 701 2316 primum
724 2234 846 2313 quidem
871 2241 993 2316 oportet
1013 2235 1195 2316 incipientes
1218 2232 1291 2294 mul·
1384 2271 1385 2274 =

369 2318 408 2378 tis
431 2315 521 2379 bonis
541 2318 687 2399 operibus
709 2336 854 2381 exeroere
873 2327 904 2380 et
922 2336 941 2379 s
959 2318 1047 2380 melis
1069 2317 1223 2379 obstinere
1244 2333 1289 2377 ee·
1384 2327 1385 2334 ’

369 2399 501 2462 eundum
524 2400 700 2462 sensibilem
724 2401 891 2482 hominem,
914 2408 947 2461 ut
965 2407 1035 2461 eunt
1049 2402 1195 2480 ieiunare,
1216 2400 1290 2481 vigi-

369 2484 445 2561 lere,
465 2502 565 2564 orere,
589 2484 740 2563 laborum,
762 2486 911 2563 misereri,
934 2486 1059 2560 servire,
1081 2483 1209 2562 obsequi
1231 2488 1291 2545 eto.

370 2566 472 2646 Omni,
494 2568 630 2646 inquam,
652 2565 753 2627 studio
776 2567 854 2627 bueo
875 2575 946 2628 eunt
966 2564 1141 2648 incipiendo
1162 2570 1291 2627 otexer·

369 2648 478 2709 eorde.
532 2650 649 2709 Verum
669 2649 721 2710 ubi
741 2650 803 2709 ium
832 2650 929 2711 homo
956 2651 987 2711 iu
1015 2649 1077 2710 illis
1103 2648 1208 2727 fuerit,
1242 2648 1293 2709 bie
1383 2694 1384 2717 1

370 2750 491 2793 summo
522 2731 625 2792 studio
654 2731 843 2812 vigilandum
871 2739 935 2813 est,
967 2730 1017 2793 hio
1048 2731 1167 2813 indiget
1191 2732 1291 2812 mugio

371 2814 504 2875 doctore
525 2832 616 2894 quum
633 2815 663 2873 in
685 2815 837 2895 principio
860 2816 916 2894 sui,
937 2835 987 2894 no,
1009 2816 1088 2876 siout
1102 2814 1214 2874 vitavit
1226 2832 1293 2875 seu·

370 2895 474 2957 sibilie
493 2897 585 2975 melu,
607 2896 694 2976 peius
716 2897 808 2957 uelint
828 2900 858 2958 iu
881 2898 1066 2979 spiritualis,
1100 2898 1206 2976 utqui
1228 2914 1292 2957 our·

371 2980 419 3039 nis
441 2980 593 3041 luxuriem
615 2979 748 3059 domuit,
771 2980 863 3041 eadat
882 2982 912 3041 in
936 2982 1086 3044 luxuriem
1110 2980 1233 3061 spiritus
1260 2986 1294 3041 et

370 3068 490 3141 ”lim
512 3068 644 3143 pecuum
663 3064 807 3124 mortalis
828 3064 1005 3145 spiritualia.
1048 3062 1107 3124 Hie
1137 3064 1217 3123 enim
1240 3062 1292 3125 de·
1382 3062 1383 3085 l

372 3144 504 3206 olinetur
534 3145 576 3207 od
606 3145 764 3224 dextrum,
803 3146 853 3206 hio
883 3152 1029 3227 separent
1055 3164 1124 3209 sose
1146 3164 1240 3206 ver-ee
1262 3152 1295 3206 et

255 3273 260 3282 r
369 3226 468 3291 selene
489 3229 638 3308 virtutes,
660 3229 711 3289 hio
732 3228 942 3311 digrediuntur
963 3228 1002 3292 eb
1020 3229 1152 3289 invieem
1173 3228 1239 3288 veri
1262 3234 1294 3289 et

371 3310 440 3371 fulsi
461 3311 596 3373 eultores
618 3312 691 3389 Dei,
720 3311 881 3391 hueusque
910 3314 991 3374 enim
1019 3310 1128 3392 eedem
1147 3312 1207 3371 uie
1222 3328 1293 3391 pro-

369 3390 539 3473 beeserunt,
561 3400 594 3455 et
615 3394 745 3455 eomites
766 3395 888 3455 luerunt
908 3407 1005 3475 usque
1023 3394 1062 3455 ed
1078 3393 1153 3455 illud
1167 3392 1293 3469 bivium,
1381 3442 1382 3451 ,

371 3477 453 3538 sieut
478 3477 659 3557 publiounns
688 3484 720 3537 et
740 3477 932 3559 Pheriseeusl
954 3477 1070 3541 eisdem
1092 3476 1238 3559 gradibus
1261 3477 1292 3536 in

372 3559 520 3641 templum
540 3558 776 3620 adsuenderuut.
826 3560 905 3623 Nem
933 3562 1057 3642 superbi
1087 3560 1207 3638 Senot,
1241 3560 1292 3638 qui

371 3644 417 3702 sio
437 3649 557 3723 ponunt
577 3642 704 3703 limitem
725 3641 802 3701 lueis
825 3661 899 3703 sues
921 3651 952 3704 et
980 3646 1210 3720 exoeemntur,'
1238 3660 1291 3702 no·

374 3734 463 3786 suunt
483 3725 576 3787 elium
598 3725 678 3785 viem
703 3730 734 3784 et
755 3724 818 3784 elio
840 3743 949 3807 opere,
976 3724 1048 3789 ideo
1076 3726 1108 3786 in
1137 3725 1197 3787 illis
1223 3744 1293 3806 per-
1380 3772 1381 3789 r

293 3814 299 3824 ‘
371 3816 464 3889 petuo
501 3806 687 3868 menendum
719 3813 830 3886 putent
862 3824 920 3869 neo
949 3816 1099 3889 quaerunt
1130 3803 1291 3889 profluere.
1380 3794 1381 3819 ¹

428 3998 461 4062 ⁸)
480 3997 510 4050 P.
528 3996 726 4063 lombardum,
741 3997 909 4066 megistum
920 3996 1140 4052 ominum
