<?xml version="1.0" encoding="UTF-8"?>
<!DOCTYPE html PUBLIC "-//W3C//DTD XHTML 1.0 Transitional//EN"
    "http://www.w3.org/TR/xhtml1/DTD/xhtml1-transitional.dtd">
<html xmlns="http://www.w3.org/1999/xhtml" xml:lang="en" lang="en">
 <head>
  <title>
</title>
<meta http-equiv="Content-Type" content="text/html;charset=utf-8" />
  <meta name='ocr-system' content='tesseract 3.04.00' />
  <meta name='ocr-capabilities' content='ocr_page ocr_carea ocr_par ocr_line ocrx_word'/>
</head>
<body>
  <div class='ocr_page' id='page_1' title='image "./operalatinavari01schmgoog_0136.png"; bbox 0 0 3075 4750; ppageno 0'>
   <div class='ocr_carea' id='block_1_1' title="bbox 344 488 949 557">
    <p class='ocr_par' dir='ltr' id='par_1_1' title="bbox 344 488 949 557">
     <span class='ocr_line' id='line_1_1' title="bbox 344 488 949 557; baseline 0.005 -12"><span class='ocrx_word' id='word_1_1' title='bbox 344 488 407 557; x_wconf 76' lang='lat'>128</span> <span class='ocrx_word' id='word_1_2' title='bbox 670 491 820 550; x_wconf 71' lang='lat' dir='ltr'>sm·</span> <span class='ocrx_word' id='word_1_3' title='bbox 835 492 949 548; x_wconf 60' lang='lat' dir='ltr'>,liuthari</span> 
     </span>
    </p>
   </div>
   <div class='ocr_carea' id='block_1_2' title="bbox 344 615 1378 729">
    <p class='ocr_par' dir='ltr' id='par_1_2' title="bbox 344 615 1378 729">
     <span class='ocr_line' id='line_1_2' title="bbox 344 615 1378 729; baseline -0.038 -1"><span class='ocrx_word' id='word_1_4' title='bbox 344 646 428 725; x_wconf 56' lang='lat' dir='ltr'>duma·</span> <span class='ocrx_word' id='word_1_5' title='bbox 456 645 541 726; x_wconf 80' lang='lat' dir='ltr'>quod</span> <span class='ocrx_word' id='word_1_6' title='bbox 561 646 620 708; x_wconf 86' lang='lat' dir='ltr'>tria</span> <span class='ocrx_word' id='word_1_7' title='bbox 639 648 702 709; x_wconf 82' lang='lat' dir='ltr'>sint</span> <span class='ocrx_word' id='word_1_8' title='bbox 721 666 845 729; x_wconf 52' lang='lat' dir='ltr'>genera,</span> <span class='ocrx_word' id='word_1_9' title='bbox 859 645 941 708; x_wconf 87' lang='lat' dir='ltr'>male</span> <span class='ocrx_word' id='word_1_10' title='bbox 955 645 1161 726; x_wconf 70' lang='lat' dir='ltr'>babendum,</span> <span class='ocrx_word' id='word_1_11' title='bbox 1192 665 1264 726; x_wconf 70' lang='lat' dir='ltr'>quo.</span> <span class='ocrx_word' id='word_1_12' title='bbox 1311 669 1318 688; x_wconf 82' lang='lat'><strong>·</strong></span> <span class='ocrx_word' id='word_1_13' title='bbox 1377 615 1378 674; x_wconf 75' lang='grc' dir='ltr'>Ϊ</span> 
     </span>
    </p>
   </div>
   <div class='ocr_carea' id='block_1_3' title="bbox 224 729 1264 810">
    <p class='ocr_par' dir='ltr' id='par_1_3' title="bbox 224 729 1264 810">
     <span class='ocr_line' id='line_1_3' title="bbox 224 729 1264 810; baseline 0.005 -23"><span class='ocrx_word' id='word_1_14' title='bbox 224 774 230 787; x_wconf 75' lang='grc'><strong><em>,</em></strong></span> <span class='ocrx_word' id='word_1_15' title='bbox 342 750 410 790; x_wconf 88' lang='lat' dir='ltr'>rum</span> <span class='ocrx_word' id='word_1_16' title='bbox 431 749 525 790; x_wconf 91' lang='lat' dir='ltr'>unum</span> <span class='ocrx_word' id='word_1_17' title='bbox 552 735 669 792; x_wconf 87' lang='lat' dir='ltr'>tantum</span> <span class='ocrx_word' id='word_1_18' title='bbox 695 731 846 792; x_wconf 85' lang='lat' dir='ltr'>Dominus</span> <span class='ocrx_word' id='word_1_19' title='bbox 875 730 925 790; x_wconf 92' lang='lat' dir='ltr'>hic</span> <span class='ocrx_word' id='word_1_20' title='bbox 954 729 1096 810; x_wconf 84' lang='lat' dir='ltr'>adducit,</span> <span class='ocrx_word' id='word_1_21' title='bbox 1133 749 1264 809; x_wconf 86' lang='lat' dir='ltr'>quornm</span> 
     </span>
    </p>
   </div>
   <div class='ocr_carea' id='block_1_4' title="bbox 335 807 1351 1906">
    <p class='ocr_par' dir='ltr' id='par_1_4' title="bbox 335 807 1351 1890">
     <span class='ocr_line' id='line_1_4' title="bbox 335 807 1351 893; baseline 0.004 -21"><span class='ocrx_word' id='word_1_22' title='bbox 335 833 378 877; x_wconf 82' lang='lat' dir='ltr'>se</span> <span class='ocrx_word' id='word_1_23' title='bbox 399 812 554 876; x_wconf 85' lang='lat' dir='ltr'>medicum</span> <span class='ocrx_word' id='word_1_24' title='bbox 572 813 693 878; x_wconf 82' lang='lat' dir='ltr'>fatetur.</span> <span class='ocrx_word' id='word_1_25' title='bbox 735 813 829 876; x_wconf 86' lang='lat' dir='ltr'>Primi</span> <span class='ocrx_word' id='word_1_26' title='bbox 849 819 928 878; x_wconf 41' lang='lat' dir='ltr'>,sunt</span> <span class='ocrx_word' id='word_1_27' title='bbox 949 814 1034 893; x_wconf 80' lang='lat' dir='ltr'>aegri</span> <span class='ocrx_word' id='word_1_28' title='bbox 1055 819 1088 874; x_wconf 85' lang='lat' dir='ltr'>et</span> <span class='ocrx_word' id='word_1_29' title='bbox 1109 815 1260 892; x_wconf 85' lang='lat' dir='ltr'>nesciunt,</span> <span class='ocrx_word' id='word_1_30' title='bbox 1347 807 1351 818; x_wconf 82' lang='lat'>&#39;</span> 
     </span>
     <span class='ocr_line' id='line_1_5' title="bbox 352 895 1266 978; baseline 0 -22"><span class='ocrx_word' id='word_1_31' title='bbox 352 897 522 975; x_wconf 83' lang='lat' dir='ltr'>noluntque</span> <span class='ocrx_word' id='word_1_32' title='bbox 578 895 670 957; x_wconf 88' lang='lat' dir='ltr'>edere</span> <span class='ocrx_word' id='word_1_33' title='bbox 698 915 733 956; x_wconf 91' lang='lat' dir='ltr'>se</span> <span class='ocrx_word' id='word_1_34' title='bbox 759 915 888 978; x_wconf 83' lang='lat' dir='ltr'>aegros,</span> <span class='ocrx_word' id='word_1_35' title='bbox 927 896 1080 962; x_wconf 82' lang='lat' dir='ltr'>videntur.</span> <span class='ocrx_word' id='word_1_36' title='bbox 1098 897 1157 958; x_wconf 91' lang='lat' dir='ltr'>sibi</span> <span class='ocrx_word' id='word_1_37' title='bbox 1190 899 1266 974; x_wconf 85' lang='lat' dir='ltr'>sani,</span> 
     </span>
     <span class='ocr_line' id='line_1_6' title="bbox 346 915 1266 1059; baseline 0.004 -21"><span class='ocrx_word' id='word_1_38' title='bbox 346 979 469 1057; x_wconf 90' lang='lat' dir='ltr'>qualem</span> <span class='ocrx_word' id='word_1_39' title='bbox 493 985 525 1039; x_wconf 93' lang='lat' dir='ltr'>et</span> <span class='ocrx_word' id='word_1_40' title='bbox 544 915 667 1040; x_wconf 53' lang='lat' dir='ltr'>persius</span> <span class='ocrx_word' id='word_1_41' title='bbox 694 979 840 1040; x_wconf 75' lang='lat' dir='ltr'>describit</span> <span class='ocrx_word' id='word_1_42' title='bbox 862 978 963 1059; x_wconf 78' lang='lat' dir='ltr'>Satyr.</span> <span class='ocrx_word' id='word_1_43' title='bbox 988 984 1019 1044; x_wconf 78' lang='lat' dir='ltr'>b.</span> <span class='ocrx_word' id='word_1_44' title='bbox 1061 981 1113 1059; x_wconf 91' lang='lat' dir='ltr'>qui</span> <span class='ocrx_word' id='word_1_45' title='bbox 1132 979 1177 1050; x_wconf 78' lang='lat' dir='ltr'>¹ad</span> <span class='ocrx_word' id='word_1_46' title='bbox 1197 999 1266 1042; x_wconf 84' lang='lat' dir='ltr'>mc-</span> 
     </span>
     <span class='ocr_line' id='line_1_7' title="bbox 344 1061 1266 1142; baseline 0.002 -20"><span class='ocrx_word' id='word_1_47' title='bbox 344 1061 446 1128; x_wconf 87' lang='lat' dir='ltr'>dicum</span> <span class='ocrx_word' id='word_1_48' title='bbox 467 1061 550 1140; x_wconf 85' lang='lat' dir='ltr'>dicit,</span> <span class='ocrx_word' id='word_1_49' title='bbox 571 1061 618 1122; x_wconf 88' lang='grc' dir='ltr'>Τιι</span> <span class='ocrx_word' id='word_1_50' title='bbox 638 1061 774 1124; x_wconf 86' lang='lat' dir='ltr'>deterius</span> <span class='ocrx_word' id='word_1_51' title='bbox 796 1061 904 1142; x_wconf 86' lang='lat' dir='ltr'>palles.</span> <span class='ocrx_word' id='word_1_52' title='bbox 926 1061 965 1125; x_wconf 90' lang='lat' dir='ltr'>Hi</span> <span class='ocrx_word' id='word_1_53' title='bbox 986 1068 1058 1124; x_wconf 86' lang='lat' dir='ltr'>sunt</span> <span class='ocrx_word' id='word_1_54' title='bbox 1077 1063 1266 1125; x_wconf 73' lang='lat' dir='ltr'>insanabiles</span> 
     </span>
     <span class='ocr_line' id='line_1_8' title="bbox 342 1145 1266 1225; baseline 0.001 -21"><span class='ocrx_word' id='word_1_55' title='bbox 342 1151 375 1204; x_wconf 88' lang='lat' dir='ltr'>et</span> <span class='ocrx_word' id='word_1_56' title='bbox 400 1145 640 1225; x_wconf 75' lang='lat' dir='ltr'>incorrigibiles,</span> <span class='ocrx_word' id='word_1_57' title='bbox 677 1145 759 1208; x_wconf 89' lang='lat' dir='ltr'>unde</span> <span class='ocrx_word' id='word_1_58' title='bbox 782 1154 813 1206; x_wconf 92' lang='lat' dir='ltr'>et</span> <span class='ocrx_word' id='word_1_59' title='bbox 833 1145 946 1207; x_wconf 83' lang='lat' dir='ltr'>ibidem</span> <span class='ocrx_word' id='word_1_60' title='bbox 968 1145 1057 1225; x_wconf 87' lang='lat' dir='ltr'>dicit,</span> <span class='ocrx_word' id='word_1_61' title='bbox 1087 1145 1266 1209; x_wconf 88' lang='lat' dir='ltr'>iamdudum</span> 
     </span>
     <span class='ocr_line' id='line_1_9' title="bbox 344 1228 1265 1309; baseline 0 -21"><span class='ocrx_word' id='word_1_62' title='bbox 344 1228 453 1308; x_wconf 87' lang='lat' dir='ltr'>sepelii</span> <span class='ocrx_word' id='word_1_63' title='bbox 481 1228 572 1290; x_wconf 88' lang='lat' dir='ltr'>hunc.</span> <span class='ocrx_word' id='word_1_64' title='bbox 615 1228 706 1290; x_wconf 81' lang='lat' dir='ltr'>Tales</span> <span class='ocrx_word' id='word_1_65' title='bbox 734 1235 806 1291; x_wconf 89' lang='lat' dir='ltr'>sunt</span> <span class='ocrx_word' id='word_1_66' title='bbox 828 1247 936 1290; x_wconf 88' lang='lat' dir='ltr'>omnes</span> <span class='ocrx_word' id='word_1_67' title='bbox 958 1229 1086 1309; x_wconf 68' lang='lat' dir='ltr'>superbi,</span> <span class='ocrx_word' id='word_1_68' title='bbox 1103 1229 1265 1306; x_wconf 87' lang='lat' dir='ltr'>iustitiarii,</span> 
     </span>
     <span class='ocr_line' id='line_1_10' title="bbox 344 1311 1267 1392; baseline 0.005 -20"><span class='ocrx_word' id='word_1_69' title='bbox 344 1329 473 1390; x_wconf 91' lang='lat' dir='ltr'>quorum</span> <span class='ocrx_word' id='word_1_70' title='bbox 495 1319 605 1372; x_wconf 86' lang='lat' dir='ltr'>natura</span> <span class='ocrx_word' id='word_1_71' title='bbox 626 1318 683 1391; x_wconf 88' lang='lat' dir='ltr'>est,</span> <span class='ocrx_word' id='word_1_72' title='bbox 704 1312 789 1373; x_wconf 86' lang='lat' dir='ltr'>nolle</span> <span class='ocrx_word' id='word_1_73' title='bbox 806 1311 922 1390; x_wconf 81' lang='lat' dir='ltr'>doceri,</span> <span class='ocrx_word' id='word_1_74' title='bbox 938 1313 1049 1392; x_wconf 74' lang='lat' dir='ltr'>sanan,</span> <span class='ocrx_word' id='word_1_75' title='bbox 1067 1311 1124 1375; x_wconf 87' lang='lat' dir='ltr'>sed</span> <span class='ocrx_word' id='word_1_76' title='bbox 1140 1331 1267 1392; x_wconf 81' lang='lat' dir='ltr'>semper</span> 
     </span>
     <span class='ocr_line' id='line_1_11' title="bbox 344 1393 1266 1539; baseline 0.002 -85"><span class='ocrx_word' id='word_1_77' title='bbox 344 1394 448 1456; x_wconf 88' lang='lat' dir='ltr'>dicere</span> <span class='ocrx_word' id='word_1_78' title='bbox 470 1393 605 1474; x_wconf 86' lang='lat' dir='ltr'>docenti,</span> <span class='ocrx_word' id='word_1_79' title='bbox 633 1399 666 1455; x_wconf 86' lang='grc' dir='ltr'>ιιι</span> <span class='ocrx_word' id='word_1_80' title='bbox 687 1395 775 1474; x_wconf 87' lang='lat' dir='ltr'>peius</span> <span class='ocrx_word' id='word_1_81' title='bbox 796 1396 921 1475; x_wconf 85' lang='lat' dir='ltr'>ignoras</span> <span class='ocrx_word' id='word_1_82' title='bbox 944 1413 1036 1474; x_wconf 91' lang='lat' dir='ltr'>qnam</span> <span class='ocrx_word' id='word_1_83' title='bbox 1065 1413 1142 1539; x_wconf 60' lang='grc' dir='ltr'><strong>ιιι,</strong></span> <span class='ocrx_word' id='word_1_84' title='bbox 1176 1397 1266 1475; x_wconf 88' lang='lat' dir='ltr'>peius</span> 
     </span>
     <span class='ocr_line' id='line_1_12' title="bbox 343 1477 1267 1559; baseline -0.001 -20"><span class='ocrx_word' id='word_1_85' title='bbox 343 1478 422 1539; x_wconf 83' lang='lat' dir='ltr'>vivis</span> <span class='ocrx_word' id='word_1_86' title='bbox 444 1497 536 1558; x_wconf 91' lang='lat' dir='ltr'>quam</span> <span class='ocrx_word' id='word_1_87' title='bbox 559 1497 619 1559; x_wconf 82' lang='lat' dir='ltr'>ego</span> <span class='ocrx_word' id='word_1_88' title='bbox 642 1484 700 1538; x_wconf 88' lang='lat' dir='ltr'>etc.</span> <span class='ocrx_word' id='word_1_89' title='bbox 733 1477 917 1557; x_wconf 74' lang='lat' dir='ltr'>Quicunque</span> <span class='ocrx_word' id='word_1_90' title='bbox 936 1479 1041 1556; x_wconf 86' lang='lat' dir='ltr'>itaque</span> <span class='ocrx_word' id='word_1_91' title='bbox 1062 1480 1089 1541; x_wconf 92' lang='lat' dir='ltr'>si</span> <span class='ocrx_word' id='word_1_92' title='bbox 1110 1478 1121 1538; x_wconf 93' lang='lat' dir='ltr'>i</span> <span class='ocrx_word' id='word_1_93' title='bbox 1143 1478 1267 1540; x_wconf 87' lang='lat' dir='ltr'>videtur</span> 
     </span>
     <span class='ocr_line' id='line_1_13' title="bbox 344 1560 1265 1641; baseline 0.001 -20"><span class='ocrx_word' id='word_1_94' title='bbox 344 1562 433 1640; x_wconf 86' lang='lat' dir='ltr'>scire,</span> <span class='ocrx_word' id='word_1_95' title='bbox 464 1580 543 1640; x_wconf 86' lang='lat' dir='ltr'>quac</span> <span class='ocrx_word' id='word_1_96' title='bbox 565 1560 691 1622; x_wconf 88' lang='lat' dir='ltr'>scienda</span> <span class='ocrx_word' id='word_1_97' title='bbox 713 1561 770 1621; x_wconf 89' lang='lat' dir='ltr'>sibi</span> <span class='ocrx_word' id='word_1_98' title='bbox 793 1568 877 1641; x_wconf 90' lang='lat' dir='ltr'>sunt,</span> <span class='ocrx_word' id='word_1_99' title='bbox 906 1567 938 1622; x_wconf 91' lang='lat' dir='ltr'>et</span> <span class='ocrx_word' id='word_1_100' title='bbox 957 1579 1021 1623; x_wconf 87' lang='lat' dir='ltr'>non</span> <span class='ocrx_word' id='word_1_101' title='bbox 1044 1579 1114 1624; x_wconf 86' lang='lat' dir='ltr'>csse</span> <span class='ocrx_word' id='word_1_102' title='bbox 1143 1579 1265 1640; x_wconf 70' lang='lat' dir='ltr'>craesus,</span> 
     </span>
     <span class='ocr_line' id='line_1_14' title="bbox 345 1643 1265 1724; baseline -0.001 -20"><span class='ocrx_word' id='word_1_103' title='bbox 345 1663 404 1704; x_wconf 86' lang='lat' dir='ltr'>nec</span> <span class='ocrx_word' id='word_1_104' title='bbox 427 1664 505 1724; x_wconf 91' lang='lat' dir='ltr'>opus</span> <span class='ocrx_word' id='word_1_105' title='bbox 526 1643 642 1705; x_wconf 91' lang='lat' dir='ltr'>babere</span> <span class='ocrx_word' id='word_1_106' title='bbox 663 1644 841 1724; x_wconf 77' lang='lat' dir='ltr'>magistro,</span> <span class='ocrx_word' id='word_1_107' title='bbox 858 1643 963 1723; x_wconf 86' lang='lat' dir='ltr'>quoad</span> <span class='ocrx_word' id='word_1_108' title='bbox 989 1645 1157 1722; x_wconf 89' lang='lat' dir='ltr'>rationem,</span> <span class='ocrx_word' id='word_1_109' title='bbox 1190 1646 1265 1716; x_wconf 79' lang='lat' dir='ltr'>item</span> 
     </span>
     <span class='ocr_line' id='line_1_15' title="bbox 345 1726 1266 1808; baseline 0.001 -21"><span class='ocrx_word' id='word_1_110' title='bbox 345 1729 520 1806; x_wconf 86' lang='lat' dir='ltr'>quicunque</span> <span class='ocrx_word' id='word_1_111' title='bbox 541 1727 662 1793; x_wconf 83' lang='lat' dir='ltr'>videtur</span> <span class='ocrx_word' id='word_1_112' title='bbox 684 1726 742 1787; x_wconf 91' lang='lat' dir='ltr'>sibi</span> <span class='ocrx_word' id='word_1_113' title='bbox 762 1727 838 1788; x_wconf 89' lang='lat' dir='ltr'>nihil</span> <span class='ocrx_word' id='word_1_114' title='bbox 860 1727 942 1788; x_wconf 89' lang='lat' dir='ltr'>male</span> <span class='ocrx_word' id='word_1_115' title='bbox 963 1727 1045 1787; x_wconf 89' lang='lat' dir='ltr'>veile</span> <span class='ocrx_word' id='word_1_116' title='bbox 1065 1734 1119 1789; x_wconf 85' lang='lat' dir='ltr'>aut</span> <span class='ocrx_word' id='word_1_117' title='bbox 1136 1726 1266 1808; x_wconf 77' lang='lat' dir='ltr'>diligere</span> 
     </span>
     <span class='ocr_line' id='line_1_16' title="bbox 345 1809 1266 1906; baseline 0 -36"><span class='ocrx_word' id='word_1_118' title='bbox 345 1816 377 1870; x_wconf 92' lang='lat' dir='ltr'>et</span> <span class='ocrx_word' id='word_1_119' title='bbox 397 1811 634 1890; x_wconf 88' lang='lat' dir='ltr'>concupiscere,</span> <span class='ocrx_word' id='word_1_120' title='bbox 664 1809 766 1890; x_wconf 88' lang='lat' dir='ltr'>quoad</span> <span class='ocrx_word' id='word_1_121' title='bbox 793 1809 1079 1906; x_wconf 88' lang='lat' dir='ltr'>concupiscibilem,</span> <span class='ocrx_word' id='word_1_122' title='bbox 1101 1812 1175 1870; x_wconf 90' lang='lat' dir='ltr'>item</span> <span class='ocrx_word' id='word_1_123' title='bbox 1201 1812 1266 1890; x_wconf 91' lang='lat' dir='ltr'>qui-</span> 
     </span>
    </p>
   </div>
   <div class='ocr_carea' id='block_1_5' title="bbox 225 1892 1267 2059">
    <p class='ocr_par' dir='ltr' id='par_1_5' title="bbox 225 1881 1380 2056">
     <span class='ocr_line' id='line_1_17' title="bbox 345 1892 1267 1972; baseline 0.004 -20"><span class='ocrx_word' id='word_1_124' title='bbox 345 1912 466 1972; x_wconf 90' lang='lat' dir='ltr'>cunqne</span> <span class='ocrx_word' id='word_1_125' title='bbox 487 1892 607 1954; x_wconf 87' lang='lat' dir='ltr'>videtur</span> <span class='ocrx_word' id='word_1_126' title='bbox 628 1892 774 1954; x_wconf 91' lang='lat' dir='ltr'>sibinibil</span> <span class='ocrx_word' id='word_1_127' title='bbox 795 1892 878 1972; x_wconf 90' lang='lat' dir='ltr'>boni,</span> <span class='ocrx_word' id='word_1_128' title='bbox 900 1895 976 1971; x_wconf 89' lang='lat' dir='ltr'>veri,</span> <span class='ocrx_word' id='word_1_129' title='bbox 996 1893 1067 1954; x_wconf 82' lang='lat' dir='ltr'>iusti</span> <span class='ocrx_word' id='word_1_130' title='bbox 1044 1893 1199 1954; x_wconf 85' lang='lat' dir='ltr'>trodisse</span> <span class='ocrx_word' id='word_1_131' title='bbox 1228 1913 1267 1954; x_wconf 87' lang='lat' dir='ltr'>ac</span> 
     </span>
     <span class='ocr_line' id='line_1_18' title="bbox 225 1975 1266 2059; baseline 0 -23"><span class='ocrx_word' id='word_1_132' title='bbox 225 2033 229 2046; x_wconf 83' lang='grc'><em>,</em></span> <span class='ocrx_word' id='word_1_133' title='bbox 343 1995 498 2056; x_wconf 85' lang='lat' dir='ltr'>respuere,</span> <span class='ocrx_word' id='word_1_134' title='bbox 520 1975 623 2056; x_wconf 89' lang='lat' dir='ltr'>quoad</span> <span class='ocrx_word' id='word_1_135' title='bbox 644 1975 847 2052; x_wconf 77' lang='lat' dir='ltr'>irascibilem,</span> <span class='ocrx_word' id='word_1_136' title='bbox 871 1995 908 2036; x_wconf 89' lang='lat' dir='ltr'>ac</span> <span class='ocrx_word' id='word_1_137' title='bbox 937 1995 992 2059; x_wconf 84' lang='lat' dir='ltr'>per</span> <span class='ocrx_word' id='word_1_138' title='bbox 1018 1975 1080 2036; x_wconf 91' lang='lat' dir='ltr'>hoc</span> <span class='ocrx_word' id='word_1_139' title='bbox 1101 1982 1199 2039; x_wconf 89' lang='lat' dir='ltr'>totum</span> <span class='ocrx_word' id='word_1_140' title='bbox 1221 1977 1266 2036; x_wconf 91' lang='lat' dir='ltr'>ln</span> 
     </span>
    </p>
   </div>
   <div class='ocr_carea' id='block_1_6' title="bbox 345 2057 1267 2638">
    <p class='ocr_par' dir='ltr' id='par_1_6' title="bbox 345 2057 1267 2638">
     <span class='ocr_line' id='line_1_19' title="bbox 345 2057 1264 2138; baseline 0.002 -20"><span class='ocrx_word' id='word_1_141' title='bbox 345 2057 446 2119; x_wconf 89' lang='lat' dir='ltr'>cidnm</span> <span class='ocrx_word' id='word_1_142' title='bbox 469 2065 588 2120; x_wconf 91' lang='lat' dir='ltr'>castum</span> <span class='ocrx_word' id='word_1_143' title='bbox 609 2077 647 2118; x_wconf 89' lang='lat' dir='ltr'>ac</span> <span class='ocrx_word' id='word_1_144' title='bbox 667 2077 787 2138; x_wconf 88' lang='lat' dir='ltr'>purum,</span> <span class='ocrx_word' id='word_1_145' title='bbox 808 2059 859 2119; x_wconf 94' lang='lat' dir='ltr'>hic</span> <span class='ocrx_word' id='word_1_146' title='bbox 880 2066 936 2138; x_wconf 90' lang='lat' dir='ltr'>est,</span> <span class='ocrx_word' id='word_1_147' title='bbox 957 2060 1098 2138; x_wconf 88' lang='lat' dir='ltr'>inquam,</span> <span class='ocrx_word' id='word_1_148' title='bbox 1127 2060 1179 2138; x_wconf 92' lang='lat' dir='ltr'>qui</span> <span class='ocrx_word' id='word_1_149' title='bbox 1200 2077 1264 2120; x_wconf 90' lang='lat' dir='ltr'>non</span> 
     </span>
     <span class='ocr_line' id='line_1_20' title="bbox 345 2140 1184 2222; baseline 0 -20"><span class='ocrx_word' id='word_1_150' title='bbox 345 2142 426 2203; x_wconf 91' lang='lat' dir='ltr'>male</span> <span class='ocrx_word' id='word_1_151' title='bbox 446 2141 549 2222; x_wconf 89' lang='lat' dir='ltr'>babet,</span> <span class='ocrx_word' id='word_1_152' title='bbox 572 2142 623 2221; x_wconf 92' lang='lat' dir='ltr'>qui</span> <span class='ocrx_word' id='word_1_153' title='bbox 645 2140 798 2202; x_wconf 76' lang='lat' dir='ltr'>Christum</span> <span class='ocrx_word' id='word_1_154' title='bbox 821 2161 883 2202; x_wconf 90' lang='lat' dir='ltr'>non</span> <span class='ocrx_word' id='word_1_155' title='bbox 905 2141 1001 2202; x_wconf 91' lang='lat' dir='ltr'>babet</span> <span class='ocrx_word' id='word_1_156' title='bbox 1021 2141 1184 2202; x_wconf 87' lang='lat' dir='ltr'>medicum.</span> 
     </span>
     <span class='ocr_line' id='line_1_21' title="bbox 428 2224 1266 2305; baseline 0.001 -21"><span class='ocrx_word' id='word_1_157' title='bbox 428 2224 537 2285; x_wconf 84' lang='lat' dir='ltr'>Nullus</span> <span class='ocrx_word' id='word_1_158' title='bbox 559 2226 642 2285; x_wconf 91' lang='lat' dir='ltr'>enim</span> <span class='ocrx_word' id='word_1_159' title='bbox 663 2229 803 2286; x_wconf 88' lang='lat' dir='ltr'>nostrum</span> <span class='ocrx_word' id='word_1_160' title='bbox 824 2231 880 2305; x_wconf 85' lang='lat' dir='ltr'>est,</span> <span class='ocrx_word' id='word_1_161' title='bbox 903 2225 1007 2304; x_wconf 91' lang='lat' dir='ltr'>quiin</span> <span class='ocrx_word' id='word_1_162' title='bbox 1029 2224 1076 2284; x_wconf 94' lang='lat' dir='ltr'>his</span> <span class='ocrx_word' id='word_1_163' title='bbox 1094 2225 1199 2286; x_wconf 89' lang='lat' dir='ltr'>tribus</span> <span class='ocrx_word' id='word_1_164' title='bbox 1223 2226 1266 2286; x_wconf 89' lang='lat' dir='ltr'>vi-</span> 
     </span>
     <span class='ocr_line' id='line_1_22' title="bbox 347 2307 1267 2390; baseline 0 -22"><span class='ocrx_word' id='word_1_165' title='bbox 347 2309 396 2368; x_wconf 88' lang='lat' dir='ltr'>tiis</span> <span class='ocrx_word' id='word_1_166' title='bbox 417 2309 506 2389; x_wconf 87' lang='lat' dir='ltr'>primi</span> <span class='ocrx_word' id='word_1_167' title='bbox 527 2307 649 2390; x_wconf 86' lang='lat' dir='ltr'>peccati</span> <span class='ocrx_word' id='word_1_168' title='bbox 681 2327 744 2370; x_wconf 90' lang='lat' dir='ltr'>non</span> <span class='ocrx_word' id='word_1_169' title='bbox 774 2309 814 2368; x_wconf 89' lang='lat' dir='ltr'>sit</span> <span class='ocrx_word' id='word_1_170' title='bbox 836 2307 992 2387; x_wconf 74' lang='lat' dir='ltr'>morbidus</span> <span class='ocrx_word' id='word_1_171' title='bbox 1014 2314 1053 2384; x_wconf 89' lang='lat' dir='ltr'>et</span> <span class='ocrx_word' id='word_1_172' title='bbox 1090 2309 1212 2369; x_wconf 87' lang='lat' dir='ltr'>sancius</span> <span class='ocrx_word' id='word_1_173' title='bbox 1234 2314 1267 2368; x_wconf 89' lang='lat' dir='ltr'>et</span> 
     </span>
     <span class='ocr_line' id='line_1_23' title="bbox 347 2378 1266 2490; baseline 0.001 -38"><span class='ocrx_word' id='word_1_174' title='bbox 347 2412 443 2473; x_wconf 87' lang='lat' dir='ltr'>egens</span> <span class='ocrx_word' id='word_1_175' title='bbox 477 2392 613 2473; x_wconf 90' lang='lat' dir='ltr'>medico,</span> <span class='ocrx_word' id='word_1_176' title='bbox 649 2394 700 2490; x_wconf 84' lang='lat' dir='ltr'>qui</span> <span class='ocrx_word' id='word_1_177' title='bbox 733 2391 814 2451; x_wconf 89' lang='lat' dir='ltr'>banc</span> <span class='ocrx_word' id='word_1_178' title='bbox 845 2378 972 2453; x_wconf 88' lang='lat' dir='ltr'>trinam‘</span> <span class='ocrx_word' id='word_1_179' title='bbox 986 2399 1056 2473; x_wconf 91' lang='lat' dir='ltr'>part</span> <span class='ocrx_word' id='word_1_180' title='bbox 1057 2411 1106 2452; x_wconf 89' lang='lat' dir='ltr'>em</span> <span class='ocrx_word' id='word_1_181' title='bbox 1142 2393 1266 2453; x_wconf 87' lang='lat' dir='ltr'>animae</span> 
     </span>
     <span class='ocr_line' id='line_1_24' title="bbox 347 2474 1267 2560; baseline -0.001 -24"><span class='ocrx_word' id='word_1_182' title='bbox 347 2482 446 2560; x_wconf 86' lang='lat' dir='ltr'>sanet,</span> <span class='ocrx_word' id='word_1_183' title='bbox 468 2495 523 2556; x_wconf 90' lang='lat' dir='ltr'>per</span> <span class='ocrx_word' id='word_1_184' title='bbox 541 2477 658 2556; x_wconf 89' lang='lat' dir='ltr'>potent</span> <span class='ocrx_word' id='word_1_185' title='bbox 651 2495 712 2535; x_wconf 84' lang='lat' dir='ltr'>ram</span> <span class='ocrx_word' id='word_1_186' title='bbox 727 2474 808 2535; x_wconf 90' lang='lat' dir='ltr'>Pat</span> <span class='ocrx_word' id='word_1_187' title='bbox 772 2482 825 2535; x_wconf 91' lang='lat' dir='ltr'>trrs</span> <span class='ocrx_word' id='word_1_188' title='bbox 848 2474 951 2554; x_wconf 88' lang='lat' dir='ltr'>quoad</span> <span class='ocrx_word' id='word_1_189' title='bbox 978 2474 1182 2555; x_wconf 79' lang='lat' dir='ltr'>irascibilem,</span> <span class='ocrx_word' id='word_1_190' title='bbox 1209 2495 1267 2555; x_wconf 90' lang='lat' dir='ltr'>per</span> 
     </span>
     <span class='ocr_line' id='line_1_25' title="bbox 347 2557 1265 2638; baseline 0 -19"><span class='ocrx_word' id='word_1_191' title='bbox 347 2560 458 2619; x_wconf 87' lang='lat' dir='ltr'>veritat</span> <span class='ocrx_word' id='word_1_192' title='bbox 445 2566 508 2620; x_wconf 88' lang='lat' dir='ltr'>tem</span> <span class='ocrx_word' id='word_1_193' title='bbox 529 2559 612 2638; x_wconf 81' lang='lat' dir='ltr'>Filii,</span> <span class='ocrx_word' id='word_1_194' title='bbox 648 2557 750 2637; x_wconf 88' lang='lat' dir='ltr'>quoad</span> <span class='ocrx_word' id='word_1_195' title='bbox 772 2558 971 2638; x_wconf 76' lang='lat' dir='ltr'>rationalem,</span> <span class='ocrx_word' id='word_1_196' title='bbox 1002 2576 1059 2638; x_wconf 89' lang='lat' dir='ltr'>per</span> <span class='ocrx_word' id='word_1_197' title='bbox 1080 2560 1265 2620; x_wconf 89' lang='lat' dir='ltr'>suavitatem</span> 
     </span>
    </p>
   </div>
   <div class='ocr_carea' id='block_1_7' title="bbox 226 2638 1265 2739">
    <p class='ocr_par' dir='ltr' id='par_1_7' title="bbox 226 2638 1265 2739">
     <span class='ocr_line' id='line_1_26' title="bbox 226 2638 1265 2739; baseline -0.001 -35"><span class='ocrx_word' id='word_1_198' title='bbox 226 2668 236 2681; x_wconf 86' lang='lat'><em>·</em></span> <span class='ocrx_word' id='word_1_199' title='bbox 347 2641 478 2721; x_wconf 87' lang='lat' dir='ltr'>Spiritus</span> <span class='ocrx_word' id='word_1_200' title='bbox 500 2640 531 2703; x_wconf 79' lang='lat' dir='ltr'>S</span> <span class='ocrx_word' id='word_1_201' title='bbox 549 2639 651 2721; x_wconf 90' lang='lat' dir='ltr'>quoad</span> <span class='ocrx_word' id='word_1_202' title='bbox 673 2638 959 2721; x_wconf 88' lang='lat' dir='ltr'>concupiscibilem,</span> <span class='ocrx_word' id='word_1_203' title='bbox 983 2648 1014 2701; x_wconf 91' lang='lat' dir='ltr'>et</span> <span class='ocrx_word' id='word_1_204' title='bbox 1036 2647 1138 2702; x_wconf 90' lang='lat' dir='ltr'>tamen</span> <span class='ocrx_word' id='word_1_205' title='bbox 1160 2642 1265 2739; x_wconf 83' lang='lat' dir='ltr'>plnres</span> 
     </span>
    </p>
   </div>
   <div class='ocr_carea' id='block_1_8' title="bbox 345 2722 1267 2823">
    <p class='ocr_par' dir='ltr' id='par_1_8' title="bbox 345 2722 1267 2823">
     <span class='ocr_line' id='line_1_27' title="bbox 345 2722 1267 2823; baseline 0.001 -39"><span class='ocrx_word' id='word_1_206' title='bbox 345 2724 514 2823; x_wconf 89' lang='lat' dir='ltr'>pluribus&#39;</span> <span class='ocrx_word' id='word_1_207' title='bbox 506 2725 663 2803; x_wconf 79' lang='lat' dir='ltr'>invenias,</span> <span class='ocrx_word' id='word_1_208' title='bbox 695 2722 850 2803; x_wconf 87' lang='lat' dir='ltr'>quibus</span> <span class='ocrx_word' id='word_1_209' title='bbox 826 2744 851 2783; x_wconf 83' lang='lat' dir='ltr'>si</span> <span class='ocrx_word' id='word_1_210' title='bbox 874 2724 1043 2804; x_wconf 89' lang='lat' dir='ltr'>obiiciatur,</span> <span class='ocrx_word' id='word_1_211' title='bbox 1072 2723 1155 2805; x_wconf 89' lang='lat' dir='ltr'>qnod</span> <span class='ocrx_word' id='word_1_212' title='bbox 1177 2726 1267 2785; x_wconf 85' lang='lat' dir='ltr'>caeci</span> 
     </span>
    </p>
   </div>
   <div class='ocr_carea' id='block_1_9' title="bbox 229 2806 1380 2987">
    <p class='ocr_par' dir='ltr' id='par_1_9' title="bbox 229 2806 1380 2971">
     <span class='ocr_line' id='line_1_28' title="bbox 347 2806 1264 2949; baseline 0 -82"><span class='ocrx_word' id='word_1_213' title='bbox 347 2808 461 2867; x_wconf 87' lang='lat' dir='ltr'>sintet</span> <span class='ocrx_word' id='word_1_214' title='bbox 449 2808 553 2867; x_wconf 90' lang='lat' dir='ltr'>tmali</span> <span class='ocrx_word' id='word_1_215' title='bbox 576 2813 608 2867; x_wconf 86' lang='lat' dir='ltr'>et</span> <span class='ocrx_word' id='word_1_216' title='bbox 627 2807 717 2887; x_wconf 89' lang='lat' dir='ltr'>vani,</span> <span class='ocrx_word' id='word_1_217' title='bbox 747 2808 808 2867; x_wconf 87' lang='lat' dir='ltr'>sint</span> <span class='ocrx_word' id='word_1_218' title='bbox 829 2806 1051 2949; x_wconf 79' lang='lat' dir='ltr'>indignissimet</span> <span class='ocrx_word' id='word_1_219' title='bbox 1063 2808 1161 2867; x_wconf 86' lang='lat' dir='ltr'>laturi</span> <span class='ocrx_word' id='word_1_220' title='bbox 1198 2808 1264 2868; x_wconf 91' lang='lat' dir='ltr'>Hos</span> 
     </span>
     <span class='ocr_line' id='line_1_29' title="bbox 229 2889 1380 2987; baseline -0.006 -33"><span class='ocrx_word' id='word_1_221' title='bbox 229 2908 266 2921; x_wconf 60' lang='lat'>‘¹</span> <span class='ocrx_word' id='word_1_222' title='bbox 346 2892 470 2971; x_wconf 89' lang='lat' dir='ltr'>proprie</span> <span class='ocrx_word' id='word_1_223' title='bbox 483 2889 658 2987; x_wconf 88' lang='lat' dir='ltr'>appellat</span> <span class='ocrx_word' id='word_1_224' title='bbox 649 2890 786 2986; x_wconf 84' lang='lat' dir='ltr'>miquos,</span> <span class='ocrx_word' id='word_1_225' title='bbox 814 2896 846 2951; x_wconf 88' lang='lat' dir='ltr'>et</span> <span class='ocrx_word' id='word_1_226' title='bbox 872 2910 979 2971; x_wconf 88' lang='lat' dir='ltr'>eorum</span> <span class='ocrx_word' id='word_1_227' title='bbox 1007 2890 1038 2950; x_wconf 88' lang='lat' dir='ltr'>vi</span> <span class='ocrx_word' id='word_1_228' title='bbox 1040 2896 1101 2951; x_wconf 91' lang='lat' dir='ltr'>tam</span> <span class='ocrx_word' id='word_1_229' title='bbox 1123 2892 1266 2970; x_wconf 90' lang='lat' dir='ltr'>iniquita·</span> <span class='ocrx_word' id='word_1_230' title='bbox 1379 2894 1380 2897; x_wconf 76' lang='grc'>’</span> 
     </span>
    </p>
   </div>
   <div class='ocr_carea' id='block_1_10' title="bbox 220 2968 1380 3153">
    <p class='ocr_par' dir='ltr' id='par_1_10' title="bbox 220 2968 1380 3137">
     <span class='ocr_line' id='line_1_30' title="bbox 220 2968 1380 3116; baseline 0.002 -83"><span class='ocrx_word' id='word_1_231' title='bbox 220 2982 231 3005; x_wconf 79' lang='lat'><strong><em>‘</em></strong></span> <span class='ocrx_word' id='word_1_232' title='bbox 347 2973 677 3117; x_wconf 63' lang='lat' dir='ltr'>temtpeioresquam</span> <span class='ocrx_word' id='word_1_233' title='bbox 700 2974 844 3053; x_wconf 87' lang='lat' dir='ltr'>quisunt</span> <span class='ocrx_word' id='word_1_234' title='bbox 871 2974 1057 3054; x_wconf 82' lang='lat' dir='ltr'>falsi,vani,</span> <span class='ocrx_word' id='word_1_235' title='bbox 1087 2973 1265 3055; x_wconf 86' lang='lat' dir='ltr'>mendaces,</span> <span class='ocrx_word' id='word_1_236' title='bbox 1379 2968 1380 3021; x_wconf 62' lang='lat' dir='ltr'>i</span> 
     </span>
     <span class='ocr_line' id='line_1_31' title="bbox 239 3056 1380 3153; baseline 0.003 -37"><span class='ocrx_word' id='word_1_237' title='bbox 239 3099 242 3102; x_wconf 73' lang='lat'>,</span> <span class='ocrx_word' id='word_1_238' title='bbox 345 3057 450 3116; x_wconf 92' lang='lat' dir='ltr'>iniusti</span> <span class='ocrx_word' id='word_1_239' title='bbox 452 3057 614 3153; x_wconf 84' lang='lat' dir='ltr'>,insipien</span> <span class='ocrx_word' id='word_1_240' title='bbox 615 3063 672 3138; x_wconf 90' lang='lat' dir='ltr'>tes,</span> <span class='ocrx_word' id='word_1_241' title='bbox 696 3076 745 3133; x_wconf 92' lang='lat' dir='ltr'>eo,</span> <span class='ocrx_word' id='word_1_242' title='bbox 767 3056 850 3136; x_wconf 89' lang='lat' dir='ltr'>quod</span> <span class='ocrx_word' id='word_1_243' title='bbox 872 3076 935 3119; x_wconf 90' lang='lat' dir='ltr'>non</span> <span class='ocrx_word' id='word_1_244' title='bbox 957 3063 1075 3117; x_wconf 89' lang='lat' dir='ltr'>tantum</span> <span class='ocrx_word' id='word_1_245' title='bbox 1093 3058 1266 3137; x_wconf 78' lang='lat' dir='ltr'>talessunl,</span> <span class='ocrx_word' id='word_1_246' title='bbox 1379 3086 1380 3093; x_wconf 35' lang='grc' dir='ltr'>ι</span> 
     </span>
    </p>
   </div>
   <div class='ocr_carea' id='block_1_11' title="bbox 347 3104 1380 3221">
    <p class='ocr_par' dir='ltr' id='par_1_11' title="bbox 347 3104 1380 3221">
     <span class='ocr_line' id='line_1_32' title="bbox 347 3104 1380 3221; baseline 0.006 -22"><span class='ocrx_word' id='word_1_247' title='bbox 347 3138 403 3200; x_wconf 90' lang='lat' dir='ltr'>sed</span> <span class='ocrx_word' id='word_1_248' title='bbox 424 3104 486 3200; x_wconf 77' lang='lat' dir='ltr'>alio</span> <span class='ocrx_word' id='word_1_249' title='bbox 517 3141 624 3220; x_wconf 89' lang='lat' dir='ltr'>peiore</span> <span class='ocrx_word' id='word_1_250' title='bbox 650 3146 781 3219; x_wconf 87' lang='lat' dir='ltr'>peccato</span> <span class='ocrx_word' id='word_1_251' title='bbox 809 3142 901 3200; x_wconf 87' lang='lat' dir='ltr'>etiam</span> <span class='ocrx_word' id='word_1_252' title='bbox 927 3138 1059 3221; x_wconf 85' lang='lat' dir='ltr'>diligunt</span> <span class='ocrx_word' id='word_1_253' title='bbox 1096 3142 1265 3201; x_wconf 86' lang='lat' dir='ltr'>vanitatem</span> <span class='ocrx_word' id='word_1_254' title='bbox 1379 3138 1380 3205; x_wconf 77' lang='lat' dir='ltr'>l</span> 
     </span>
    </p>
   </div>
   <div class='ocr_carea' id='block_1_12' title="bbox 310 3222 1266 3472">
    <p class='ocr_par' dir='ltr' id='par_1_12' title="bbox 310 3222 1266 3472">
     <span class='ocr_line' id='line_1_33' title="bbox 347 3222 1266 3303; baseline 0.002 -20"><span class='ocrx_word' id='word_1_255' title='bbox 347 3229 379 3283; x_wconf 86' lang='lat' dir='ltr'>et</span> <span class='ocrx_word' id='word_1_256' title='bbox 400 3232 550 3303; x_wconf 87' lang='lat' dir='ltr'>quaerunt</span> <span class='ocrx_word' id='word_1_257' title='bbox 570 3222 773 3302; x_wconf 86' lang='lat' dir='ltr'>mendacium,</span> <span class='ocrx_word' id='word_1_258' title='bbox 795 3226 941 3303; x_wconf 76' lang='lat' dir='ltr'>tanquam</span> <span class='ocrx_word' id='word_1_259' title='bbox 963 3224 1109 3285; x_wconf 89' lang='lat' dir='ltr'>iustitiam</span> <span class='ocrx_word' id='word_1_260' title='bbox 1133 3230 1164 3284; x_wconf 89' lang='lat' dir='ltr'>et</span> <span class='ocrx_word' id='word_1_261' title='bbox 1186 3226 1266 3285; x_wconf 92' lang='lat' dir='ltr'>veri·</span> 
     </span>
     <span class='ocr_line' id='line_1_34' title="bbox 310 3304 1265 3387; baseline 0.002 -20"><span class='ocrx_word' id='word_1_262' title='bbox 310 3304 318 3323; x_wconf 85' lang='lat'><em>&#39;</em></span> <span class='ocrx_word' id='word_1_263' title='bbox 346 3311 451 3387; x_wconf 72' lang='lat' dir='ltr'>tatem</span> <span class='ocrx_word' id='word_1_264' title='bbox 480 3311 511 3367; x_wconf 88' lang='lat' dir='ltr'>ot</span> <span class='ocrx_word' id='word_1_265' title='bbox 541 3313 680 3387; x_wconf 84' lang='lat' dir='ltr'>pugnant</span> <span class='ocrx_word' id='word_1_266' title='bbox 716 3312 825 3367; x_wconf 89' lang='lat' dir='ltr'>contra</span> <span class='ocrx_word' id='word_1_267' title='bbox 857 3308 1003 3367; x_wconf 88' lang='lat' dir='ltr'>iustitiam</span> <span class='ocrx_word' id='word_1_268' title='bbox 1031 3313 1062 3368; x_wconf 88' lang='lat' dir='ltr'>et</span> <span class='ocrx_word' id='word_1_269' title='bbox 1093 3308 1265 3369; x_wconf 88' lang='lat' dir='ltr'>veritatem.</span> 
     </span>
     <span class='ocr_line' id='line_1_35' title="bbox 345 3388 1266 3472; baseline 0 -21"><span class='ocrx_word' id='word_1_270' title='bbox 345 3390 441 3471; x_wconf 85' lang='lat' dir='ltr'>igitur</span> <span class='ocrx_word' id='word_1_271' title='bbox 472 3394 539 3450; x_wconf 89' lang='lat' dir='ltr'>tota</span> <span class='ocrx_word' id='word_1_272' title='bbox 573 3389 655 3450; x_wconf 86' lang='lat' dir='ltr'>salus</span> <span class='ocrx_word' id='word_1_273' title='bbox 688 3394 750 3468; x_wconf 89' lang='lat' dir='ltr'>cst,</span> <span class='ocrx_word' id='word_1_274' title='bbox 787 3409 849 3451; x_wconf 91' lang='lat' dir='ltr'>non</span> <span class='ocrx_word' id='word_1_275' title='bbox 885 3388 950 3451; x_wconf 90' lang='lat' dir='ltr'>fleri</span> <span class='ocrx_word' id='word_1_276' title='bbox 977 3396 1174 3472; x_wconf 83' lang='lat' dir='ltr'>peccatores,</span> <span class='ocrx_word' id='word_1_277' title='bbox 1210 3390 1266 3451; x_wconf 90' lang='lat' dir='ltr'>sed</span> 
     </span>
    </p>
   </div>
   <div class='ocr_carea' id='block_1_13' title="bbox 347 3472 1380 3553">
    <p class='ocr_par' dir='ltr' id='par_1_13' title="bbox 347 3472 1380 3553">
     <span class='ocr_line' id='line_1_36' title="bbox 347 3472 1380 3553; baseline 0.002 -20"><span class='ocrx_word' id='word_1_278' title='bbox 347 3479 452 3533; x_wconf 88' lang='lat' dir='ltr'>a&#39;mota</span> <span class='ocrx_word' id='word_1_279' title='bbox 482 3473 632 3533; x_wconf 86' lang='lat' dir='ltr'>caecitate</span> <span class='ocrx_word' id='word_1_280' title='bbox 659 3474 738 3533; x_wconf 90' lang='lat' dir='ltr'>scire</span> <span class='ocrx_word' id='word_1_281' title='bbox 766 3480 798 3534; x_wconf 88' lang='lat' dir='ltr'>et</span> <span class='ocrx_word' id='word_1_282' title='bbox 824 3472 944 3553; x_wconf 87' lang='lat' dir='ltr'>videre,</span> <span class='ocrx_word' id='word_1_283' title='bbox 979 3475 1123 3552; x_wconf 90' lang='lat' dir='ltr'>quoniam</span> <span class='ocrx_word' id='word_1_284' title='bbox 1159 3494 1265 3535; x_wconf 88' lang='lat' dir='ltr'>sumus</span> <span class='ocrx_word' id='word_1_285' title='bbox 1379 3516 1380 3523; x_wconf 32' lang='grc' dir='ltr'>ι</span> 
     </span>
    </p>
   </div>
   <div class='ocr_carea' id='block_1_14' title="bbox 345 3555 1265 3885">
    <p class='ocr_par' dir='ltr' id='par_1_14' title="bbox 345 3555 1265 3885">
     <span class='ocr_line' id='line_1_37' title="bbox 345 3555 1265 3638; baseline 0 -21"><span class='ocrx_word' id='word_1_286' title='bbox 345 3562 537 3637; x_wconf 88' lang='lat' dir='ltr'>peccatores,</span> <span class='ocrx_word' id='word_1_287' title='bbox 552 3562 585 3615; x_wconf 92' lang='lat' dir='ltr'>ut</span> <span class='ocrx_word' id='word_1_288' title='bbox 596 3555 645 3617; x_wconf 89' lang='lat' dir='ltr'>Ps.</span> <span class='ocrx_word' id='word_1_289' title='bbox 663 3558 717 3622; x_wconf 83' lang='grc'>50·</span> <span class='ocrx_word' id='word_1_290' title='bbox 732 3556 800 3619; x_wconf 78' lang='lat' dir='ltr'>&#39;libi</span> <span class='ocrx_word' id='word_1_291' title='bbox 813 3555 872 3617; x_wconf 90' lang='lat' dir='ltr'>soli</span> <span class='ocrx_word' id='word_1_292' title='bbox 883 3557 1011 3638; x_wconf 88' lang='lat' dir='ltr'>peccavi</span> <span class='ocrx_word' id='word_1_293' title='bbox 1027 3563 1058 3618; x_wconf 88' lang='lat' dir='ltr'>et</span> <span class='ocrx_word' id='word_1_294' title='bbox 1071 3557 1186 3618; x_wconf 89' lang='lat' dir='ltr'>malum</span> <span class='ocrx_word' id='word_1_295' title='bbox 1204 3564 1265 3619; x_wconf 85' lang='lat' dir='ltr'>etc.</span> 
     </span>
     <span class='ocr_line' id='line_1_38' title="bbox 346 3638 1265 3720; baseline 0.003 -21"><span class='ocrx_word' id='word_1_296' title='bbox 346 3638 396 3699; x_wconf 89' lang='lat' dir='ltr'>Ad</span> <span class='ocrx_word' id='word_1_297' title='bbox 418 3639 499 3699; x_wconf 89' lang='lat' dir='ltr'>hanc</span> <span class='ocrx_word' id='word_1_298' title='bbox 519 3644 622 3704; x_wconf 89' lang='lat' dir='ltr'>autem</span> <span class='ocrx_word' id='word_1_299' title='bbox 644 3640 854 3719; x_wconf 84' lang='lat' dir='ltr'>cognitionem</span> <span class='ocrx_word' id='word_1_300' title='bbox 875 3659 939 3701; x_wconf 91' lang='grc' dir='ltr'><strong>ιιοιι</strong></span> <span class='ocrx_word' id='word_1_301' title='bbox 960 3642 1097 3720; x_wconf 88' lang='lat' dir='ltr'>veniunt,</span> <span class='ocrx_word' id='word_1_302' title='bbox 1126 3642 1178 3720; x_wconf 89' lang='lat' dir='ltr'>qui</span> <span class='ocrx_word' id='word_1_303' title='bbox 1200 3647 1265 3702; x_wconf 91' lang='lat' dir='ltr'>tan·</span> 
     </span>
     <span class='ocr_line' id='line_1_39' title="bbox 346 3721 1264 3805; baseline 0.003 -23"><span class='ocrx_word' id='word_1_304' title='bbox 346 3728 409 3782; x_wconf 92' lang='lat' dir='ltr'>tum</span> <span class='ocrx_word' id='word_1_305' title='bbox 433 3722 472 3782; x_wconf 91' lang='lat' dir='ltr'>de</span> <span class='ocrx_word' id='word_1_306' title='bbox 494 3721 665 3783; x_wconf 88' lang='lat' dir='ltr'>actualibus</span> <span class='ocrx_word' id='word_1_307' title='bbox 688 3722 834 3783; x_wconf 88' lang='lat' dir='ltr'>cavendis</span> <span class='ocrx_word' id='word_1_308' title='bbox 857 3722 981 3785; x_wconf 86' lang='lat' dir='ltr'>solliciti</span> <span class='ocrx_word' id='word_1_309' title='bbox 1002 3730 1073 3784; x_wconf 91' lang='lat' dir='ltr'>sunt</span> <span class='ocrx_word' id='word_1_310' title='bbox 1080 3724 1264 3805; x_wconf 87' lang='lat' dir='ltr'>,neglecto</span> 
     </span>
     <span class='ocr_line' id='line_1_40' title="bbox 346 3796 1264 3885; baseline 0.007 -23"><span class='ocrx_word' id='word_1_311' title='bbox 346 3806 406 3864; x_wconf 90' lang='lat' dir='ltr'>isto</span> <span class='ocrx_word' id='word_1_312' title='bbox 430 3804 571 3885; x_wconf 84' lang='lat' dir='ltr'>originali</span> <span class='ocrx_word' id='word_1_313' title='bbox 594 3806 693 3885; x_wconf 91' lang='lat' dir='ltr'>malo,</span> <span class='ocrx_word' id='word_1_314' title='bbox 727 3796 810 3885; x_wconf 91' lang='lat' dir='ltr'>quod</span> <span class='ocrx_word' id='word_1_315' title='bbox 831 3824 949 3865; x_wconf 88' lang='lat' dir='ltr'>rursum</span> <span class='ocrx_word' id='word_1_316' title='bbox 971 3807 1105 3867; x_wconf 88' lang='lat' dir='ltr'>actualia</span> <span class='ocrx_word' id='word_1_317' title='bbox 1126 3809 1264 3868; x_wconf 88' lang='lat' dir='ltr'>suscitat.</span> 
     </span>
    </p>
   </div>
   <div class='ocr_carea' id='block_1_15' title="bbox 236 3884 1380 4031">
    <p class='ocr_par' dir='ltr' id='par_1_15' title="bbox 236 3884 1380 4031">
     <span class='ocr_line' id='line_1_41' title="bbox 236 3884 1380 4031; baseline 0.028 -119"><span class='ocrx_word' id='word_1_318' title='bbox 236 3894 250 3912; x_wconf 51' lang='lat'><em>2</em></span> <span class='ocrx_word' id='word_1_319' title='bbox 347 3884 440 3959; x_wconf 77' lang='lat' dir='ltr'>Quod</span> <span class='ocrx_word' id='word_1_320' title='bbox 460 3895 494 3947; x_wconf 92' lang='lat' dir='ltr'>nt</span> <span class='ocrx_word' id='word_1_321' title='bbox 514 3887 731 4031; x_wconf 65' lang='lat' dir='ltr'>intelligamuts,</span> <span class='ocrx_word' id='word_1_322' title='bbox 754 3888 928 3969; x_wconf 88' lang='lat' dir='ltr'>sciendum,</span> <span class='ocrx_word' id='word_1_323' title='bbox 961 3890 1043 3969; x_wconf 83' lang='grc' dir='ltr'><strong>(ιιοιι</strong></span> <span class='ocrx_word' id='word_1_324' title='bbox 1073 3890 1187 3970; x_wconf 87' lang='lat' dir='ltr'>duplex</span> <span class='ocrx_word' id='word_1_325' title='bbox 1219 3896 1267 3951; x_wconf 88' lang='lat' dir='ltr'>est</span> <span class='ocrx_word' id='word_1_326' title='bbox 1379 3894 1380 3925; x_wconf 61' lang='lat'>1</span> 
     </span>
    </p>
   </div>
   <div class='ocr_carea' id='block_1_16' title="bbox 347 3971 1264 4053">
    <p class='ocr_par' dir='ltr' id='par_1_16' title="bbox 347 3966 1380 4053">
     <span class='ocr_line' id='line_1_42' title="bbox 347 3971 1264 4053; baseline 0.009 -26"><span class='ocrx_word' id='word_1_327' title='bbox 347 3976 518 4050; x_wconf 89' lang='lat' dir='ltr'>peccatum,</span> <span class='ocrx_word' id='word_1_328' title='bbox 540 3971 714 4038; x_wconf 75' lang='lat' dir='ltr'>actrraleet</span> <span class='ocrx_word' id='word_1_329' title='bbox 733 3972 894 4053; x_wconf 84' lang='lat' dir='ltr'>originale,</span> <span class='ocrx_word' id='word_1_330' title='bbox 918 3974 1025 4033; x_wconf 89' lang='lat' dir='ltr'>sicut</span> <span class='ocrx_word' id='word_1_331' title='bbox 1016 3992 1048 4033; x_wconf 93' lang='lat' dir='ltr'>m</span> <span class='ocrx_word' id='word_1_332' title='bbox 1071 3972 1264 4035; x_wconf 85' lang='lat' dir='ltr'>febricitante</span> 
     </span>
    </p>
   </div>
   <div class='ocr_carea' id='block_1_17' title="bbox 748 4230 762 4265">
    <p class='ocr_par' dir='ltr' id='par_1_17' title="bbox 748 4230 762 4265">
     <span class='ocr_line' id='line_1_43' title="bbox 748 4230 762 4265; baseline 0 0"><span class='ocrx_word' id='word_1_333' title='bbox 748 4230 762 4265; x_wconf 81' lang='grc' dir='ltr'><em>Ι</em></span> 
     </span>
    </p>
   </div>
   <div class='ocr_carea' id='block_1_18' title="bbox 0 0 1545 4750">
    <p class='ocr_par' dir='ltr' id='par_1_18' title="bbox 0 0 1545 4750">
     <span class='ocr_line' id='line_1_44' title="bbox 0 0 1545 4750; baseline 0 0"><span class='ocrx_word' id='word_1_334' title='bbox 0 0 1545 4750; x_wconf 95' lang='lat' dir='ltr'> </span> 
     </span>
    </p>
   </div>
  </div>
 </body>
</html>
