3075 4750
352 459 415 532 330
691 463 732 522 De
751 464 934 538 iodslfleno'is

354 653 411 717 spe
432 635 691 720 indulgentiorem
713 637 1014 717 consequendorum,
1036 639 1203 720 nemsplus
1219 660 1282 702 mo-

354 720 450 784 menti
471 719 573 782 hebet·
585 722 668 802 pium
692 739 771 801 opus
792 721 975 801 absolvisse,
996 739 1089 801 quem
1111 725 1282 802 remisisse,
1379 738 1380 813 }

354 810 386 866 et
412 802 623 885 indulgentiae
644 803 776 886 plurime
793 803 898 883 bons,
923 823 1004 883 osee
1033 805 1099 866 lieri
1121 801 1282 885 deberent,

353 885 544 963 condonent,
566 893 619 948 ent
640 893 725 949 certe
746 886 821 948 nihil
843 887 1032 950 condonent

438 969 542 1049 Atqui,
585 976 619 1030 ut
639 989 712 1030 uere
734 976 765 1031 le
785 970 945 1046 instruam,
965 972 1102 1032 animum
1126 971 1282 1035 advertes.

355 1053 523 1132 Praecipue
545 1051 679 1130 dederis,
700 1054 836 1132 inquom,
857 1055 963 1134 egenti
983 1055 1138 1135 proximo,
1162 1056 1188 1115 si
1211 1056 1283 1136 quid

354 1153 388 1196 es
411 1134 552 1215 deturus,
574 1153 676 1216 neque
699 1136 815 1198 lebrios
835 1135 866 1200 Β.
894 1137 975 1198 Petri
997 1157 1098 1218 neque
1115 1138 1284 1220 ‘indulgen-

355 1220 416 1278 tiee
438 1217 478 1279 eb
500 1217 563 1279 hoc
585 1219 768 1300 evangelieo
788 1220 930 1281 instituto
952 1227 984 1281 tc
1002 1220 1207 1301 dimoveant,
1230 1241 1283 1284 ne·

355 1301 437 1362 mine
465 1298 582 1384 verni)
617 1302 723 1382 oppidi
752 1302 813 1381 toi,
839 1302 1006 1384 pretlignto
1035 1305 1144 1384 inopie
1170 1324 1283 1383 rerum,

354 1403 433 1463 opus
455 1383 589 1445 habente
614 1385 729 1446 auxilio
753 1391 822 1462 tuo,
855 1386 938 1464 quod
960 1387 1101 1449 fortassis
1123 1407 1283 1468 nunqnsm

352 1467 487 1528 loturum
512 1474 576 1547 est,
598 1467 638 1528 sd
661 1469 792 1548 templs,
813 1467 854 1528 sd
875 1469 1000 1546 alteris,
1022 1469 1063 1532 sd
1084 1479 1282 1548 ornamento,

354 1550 477 1629 colioes,
499 1550 636 1612 clinodie
658 1552 701 1611 tui
724 1550 831 1631 oppidi
856 1554 931 1612 tunc
951 1552 1025 1613 licet
1046 1571 1224 1633 exponere,
1256 1555 1305 1614 si·

354 1633 455 1712 lubet,
478 1653 538 1713 quo
566 1633 659 1713 fecto,
685 1635 710 1694 si
733 1635 853 1694 enimus
875 1641 907 1694 te
928 1635 1083 1714 sollicitet,
1105 1642 1199 1716 potes
1227 1638 1281 1696 im-

353 1736 436 1797 pune
457 1718 650 1778 sutRomom
664 1723 716 1778 eut
730 1717 793 1778 elio
806 1718 937 1796 mittere,
959 1724 1066 1779 tentes
1088 1718 1282 1783 liberalitatis

355 1805 538 1880 srgumeuts
567 1818 659 1860 nemo
693 1806 794 1878 vetet,
828 1799 923 1862 modo
953 1821 995 1861 ne
1021 1801 1281 1895 indulgentiarum

353 1889 495 1962 respectu
528 1883 655 1943 miseris.
707 1881 965 1962 Quandoquidem
998 1884 1112 1945 Paulus
1145 1884 1280 1961 dioit:⁸)

354 1963 413 2040 Qui
436 1964 615 2026 domesticis
637 1966 700 2026 suis
723 1984 785 2026 non
807 1965 1013 2044 benefecerit,
1042 1985 1104 2034 non
1128 1977 1177 2028 est
1198 1968 1282 2030 Gliti-

299 2097 302 2106 .
354 2049 488 2125 stisnus,
511 2053 543 2108 et
563 2048 651 2128 peior
673 2049 784 2128 quovis
805 2049 948 2128 etlruieo,
971 2050 1016 2110 ite
1036 2050 1134 2112 libere
1154 2057 1191 2133 et
1209 2070 1281 2112 con·

354 2135 471 2190 stanter
492 2129 695 2194 sentiendum.
738 2129 798 2206 Qui
819 2131 1033 2212 etiterdoeet,
1055 2133 1204 2195 seductor
1225 2141 1282 2211 est,

354 2219 386 2276 et
404 2213 536 2273 enimam
549 2214 581 2278 iu
595 2231 743 2274 enumero
754 2221 809 2274 tue
817 2216 947 2294 quaerit,
966 2216 1176 2295 inventosque
1197 2235 1281 2276 num-

354 2315 421 2357 mos
450 2297 591 2358 omnibus
623 2296 785 2357 animabus
810 2298 995 2379 eoteponit,
1024 2305 1057 2359 et
1083 2299 1154 2380 plns
1188 2307 1282 2362 emet.

355 2380 515 2461 Quispiem
537 2381 617 2442 forte
639 2380 824 2461 respondet:
866 2382 920 2442 Sic
940 2401 1098 2462 nunquam
1119 2382 1282 2465 indulgen-

355 2466 415 2525 ties
435 2462 626 2524 redimerem.
670 2464 773 2539 Prius,
804 2463 947 2542 inquom,
977 2466 1022 2526 its
1042 2466 1283 2541 contendebam,

345 2549 399 2607 ite
421 2546 567 2626 expetivi,
589 2547 695 2624 crevi,
719 2546 879 2620 consului,
909 2566 950 2607 ne
971 2548 1182 2629 indulgentiee
1204 2567 1287 2611 com·

353 2648 456 2711 peres,
480 2646 521 2691 se
541 2628 687 2689 facultate
710 2630 929 2690 somniculoois
945 2632 1107 2711 permisso,
1130 2630 1187 2692 tibi
1201 2639 1288 2693 reete
1368 2721 1370 2730 Ι

354 2711 545 2794 pergendum
567 2717 623 2773 est
718 2736 720 2741 ·

439 2793 1286 2877 Deoimcseptimo,indulgentiaeneqeeprseeoptine-

356 2896 416 2955 que
433 2877 555 2937 consilii
573 2877 721 2956 suntsed
735 2897 775 2938 ex
789 2878 1023 2939 illerumrernm
1044 2896 1188 2958 numero,
1205 2898 1288 2960 quse

355 2958 572 3041 permittuntur
584 2967 616 3021 et
624 2960 681 3022 sub
691 2961 928 3040 permissionem
935 2960 1059 3039 cedunt,
1070 2960 1208 3042 ideoque
1224 2982 1287 3024 non

356 3042 560 3104 sentientem
582 3042 708 3125 diqucd
731 3043 944 3121 obedientiae,
977 3062 1080 3123 usqne
1100 3046 1197 3106 miens
1221 3046 1286 3107 ullo

357 3125 451 3187 modo
468 3127 653 3205 merit-ories,
674 3126 730 3187 sed
748 3132 865 3187 tentum
884 3127 1029 3187 excussio
1045 3127 1201 3206 quaedem
1213 3129 1286 3189 obe-

356 3209 504 3270 dientiae.
525 3208 616 3270 Unde
630 3211 838 3289 consequitur,
853 3209 936 3290 quod
945 3208 1168 3290 indulgent-ise,
1179 3230 1287 3291 quem·

357 3294 404 3353 vis
417 3290 721 3353 interdicendesnon
734 3300 816 3371 sunt,
840 3293 937 3353 emoti
958 3300 1061 3354 nmen
1085 3299 1117 3354 et
1137 3293 1287 3356 subtracti

359 3376 398 3437 cb
411 3377 455 3437 eis
468 3374 631 3437 Christiani
643 3374 683 3435 sd
699 3380 794 3455 opere
805 3381 837 3435 et
848 3394 977 3456 poenes,
991 3394 1070 3455 quoe
1081 3377 1288 3461 remittuntur,

359 3459 485 3520 exciteri
510 3456 632 3519 debent.

440 3541 569 3601 Decimo
581 3547 703 3617 comto,
719 3539 813 3615 Quod
822 3541 945 3602 enimse
957 3561 1015 3622 per
1024 3541 1237 3623 indulgentius
1248 3564 1286 3606 ex

323 3618 324 3624 ’
360 3624 538 3709 purgatorio
571 3623 753 3701 liberentur,
781 3617 923 3684 noudum'
951 3625 1144 3707 exploratum
1175 3627 1288 3715 habeo,
