3075 4750
356 593 366 606 ἢ
439 525 490 579 pro
513 509 616 564 declar.
637 489 745 566 iirtntls
763 504 1009 581 indulgentiarum.
1123 509 1187 578 287

256 674 393 735 omnium
422 687 591 759 poenamm
622 698 685 741 non
708 679 888 760 simpliciter
908 679 1047 741 omnium
1068 679 1183 742 intelli-

255 757 314 836 git,
337 757 394 818 sed
416 782 436 822 a
458 763 581 843 seipso
603 764 820 824 tantummodo
841 765 1068 842 impositamm.
1240 777 1245 784 '

339 841 398 921 21)
422 842 534 906 Errant
566 847 671 925 itaque
698 845 961 928 indulgentiarum
989 845 1184 926 praedicato,

256 939 306 981 res
317 920 348 1006 ¹)
370 924 408 1005 ii,
438 929 489 1006 qui
511 927 628 1008 dieunt,
650 947 707 1008 per
730 946 832 1010 papae
852 928 1062 1010 indulgentias
1083 929 1182 998 homi,

256 1023 328 1064 nem
350 1006 390 1066 ab
413 1012 497 1070 omni
517 1030 621 1093 poena
642 1011 722 1073 solvi
744 1018 776 1072 et
797 1011 920 1074 salvari.

339 1091 399 1168 22)
424 1091 504 1167 Quin
536 1093 652 1180 nullam
684 1095 815 1155 remittit
840 1095 1000 1155 animabus
1021 1097 1052 1155 in
1074 1115 1182 1177 purga·

256 1173 354 1251 toria,
384 1193 476 1254 quam
497 1177 528 1236 in
551 1177 610 1238 hae
630 1178 695 1238 vita
730 1177 911 1240 debuissent
936 1177 1105 1238 seeundum
1134 1195 1183 1239 oa-

256 1273 357 1316 uoues
380 1257 513 1321 solvere.

340 1339 400 1415 23)
426 1340 457 1402 si
469 1341 610 1402 remissio
633 1341 697 1403 ulla
721 1344 857 1404 omnium
870 1344 996 1404 omnino
1011 1363 1182 1423 poenamm

257 1427 362 1499 potest
391 1423 482 1484 alioui
512 1424 594 1503 dari,
624 1433 829 1504 certumst,
858 1422 926 1486 eam
949 1445 1012 1487 non
1036 1428 1094 1486 nisi
1116 1445 1183 1508 per-

258 1504 459 1584 leotissimis,‚
474 1507 503 1567 id
528 1514 591 1587 est,
612 1510 805 1588 paucissimis
829 1509 903 1569 dari.
1001 1579 1004 1584 ⁸

341 1589 400 1665 24)
426 1589 503 1650 Falli
531 1589 570 1651 ob
598 1589 631 1650 id
661 1609 790 1652 neeesse
818 1599 867 1652 est
895 1593 1042 1652 maiorem
1065 1597 1182 1671 partem

254 1670 383 1749 populi,
404 1689 461 1751 per
482 1671 708 1736 indifferentem
728 1673 815 1735 illam
837 1680 869 1735 et
891 1672 1087 1756 magnificam
1109 1692 1183 1755 poe·
1207 1741 1211 1749 ,

258 1771 318 1814 riae
342 1754 463 1835 solutae
486 1757 734 1836 promissionem.

344 1837 404 1914 25)
425 1837 560 1912 'Qualem
589 1846 776 1920 potestatem
801 1837 895 1900 habet
915 1857 998 1919 papa
1017 1841 1049 1899 iri
1073 1858 1182 1920 purga-

255 1919 372 1978 torium
401 1921 598 2000 generaliter,
623 1923 720 1984 talem
748 1922 842 1983 babet
870 1919 998 2002 quilibet
1019 1923 1182 2003 episeopus

258 2008 289 2061 et
311 2008 433 2062 curatus
455 2005 486 2064 iri
509 2023 565 2065 sua
586 2005 711 2066 Diooesi
724 2005 756 2085 ²)
782 2012 813 2065 et
834 2003 982 2085 parochia
999 2005 1183 2085 specialiter.

344 2087 384 2149 26
397 2085 432 2164 ³¹²)
456 2086 580 2168 Optime
607 2090 681 2149 faoit
706 2107 804 2170 papa,
834 2087 916 2167 quod
939 2107 1002 2148 nou
1030 2095 1185 2168 potestate

260 2165 357 2228 olavis
383 2173 492 2247 (quam
509 2170 624 2231 nullam
647 2171 756 2251 babet)
772 2171 826 2231 sed
840 2189 896 2251 per
907 2170 1034 2232 modum
1046 2169 1183 2251 suffragii

260 2250 314 2310 dat
334 2251 495 2314 animabus
517 2255 744 2316 remissionem.

344 2332 402 2416 27)
427 2334 590 2398 Hominem
606 2337 794 2418 praedicant,
816 2337 868 2415 qui
890 2336 1002 2416 statim,
1023 2341 1057 2396 ut
1082 2335 1180 2397 iaetus

258 2436 403 2478 nummus
443 2418 474 2479 iii
515 2421 623 2481 oistam
662 2422 799 2481 tinnierit
815 2419 870 2500 ἲ),
911 2420 1037 2481 evolare
1075 2418 1181 2479 dieunt

258 2518 404 2561 animam.
1158 2523 1168 2570 ς

342 2584 401 2658 28)
427 2583 549 2645 Certum
572 2592 620 2648 est
632 2602 759 2647 nummo
780 2586 812 2645 in
836 2586 944 2645 oistam
965 2585 1117 2646 tinniente
1128 2602 1179 2644 au·
1257 2576 1264 2583 ’

257 2668 322 2749 geri
346 2667 551 2747 quaestum⁴)
576 2675 608 2730 et
628 2670 787 2732 avaritiam
809 2686 912 2748 posse,
934 2667 1112 2748 suffragium
1128 2686 1180 2727 au-

256 2758 319 2811 tem
343 2750 496 2812 eeclesiae
517 2759 565 2812 est
586 2754 616 2812 iii
639 2750 763 2814 arbitrio
783 2751 842 2812 Dei
864 2750 968 2812 solius.

340 2834 400 2911 29)
426 2832 500 2907 Quis
525 2838 596 2915 soit,
625 2837 651 2896 si
673 2854 781 2896 omnes
804 2836 926 2895 animae
946 2834 979 2893 in
1000 2833 1179 2915 purgatorio

257 2916 355 2977 velint
376 2914 496 2995 redimi,
519 2919 596 2979 sieut
618 2918 656 2979 de
678 2918 708 2981 S.
732 2916 881 2980 Severino
905 2924 935 2977 et
955 2916 1097 2977 Pasohali
1118 2917 1179 2977 fae

260 3007 324 3059 tum
347 3004 496 3060 narratur.

340 3085 398 3158 30)
423 3082 532 3143 Nullus
567 3100 691 3142 seourus
719 3089 767 3143 est
793 3083 833 3143 de
858 3084 988 3144 veritate
1009 3100 1085 3143 suae
1106 3100 1178 3144 oon-

256 3164 406 3263 tritonis,
425 3165 536 3263 'multo
574 3166 673 3225 minus
707 3166 746 3227 de
773 3168 993 3228 consecutione
1022 3167 1180 3247 plenariae

258 3266 459 3309 remissionis.

340 3334 399 3406 31)
425 3330 525 3406 Quam
546 3348 632 3391 rarus
655 3335 702 3391 est
722 3350 796 3393 vere
816 3333 990 3413 poenitens,
1012 3337 1076 3392 tam
1091 3350 1176 3391 rarus

257 3421 304 3476 est
325 3432 400 3475 vere
419 3412 627 3495 indulgentias
641 3414 819 3495 redimens,
846 3414 878 3475 id
900 3422 964 3493 est,
997 3416 1178 3474 rarissimus.

340 3500 397 3574 32)
423 3496 656 3558 Damnabuntur
677 3499 708 3557 in
730 3505 889 3559 aeteruum
909 3516 980 3558 eum
999 3498 1062 3569 suis
1084 3497 1179 3577 magi·

259 3678 679 3695 *dnm-*nouum-

316 3791 343 3851 1)
365 3788 396 3840 ln
416 3788 460 3844 ed.
479 3788 590 3841 lenens:
611 3788 811 3843 Commissarii.
848 3784 880 3853 2)
901 3783 984 3855 Apud
1004 3801 1030 3836 v.
1042 3782 1068 3837 d.
1080 3780 1177 3840 Hardt:

258 3860 394 4001 ἓίᾯῖξῗι).
444 3861 476 3926 3)
496 3859 527 3912 Iri
551 3860 595 3915 ed.
622 3862 704 3916 1530:
732 3860 872 3912 tinnuerit.
928 3855 961 3923 4)
981 3856 1014 3908 In
1038 3856 1080 3908 ed.
1105 3855 1178 3910 deut

310 4005 342 4073 *)
364 4004 448 4075 Apud
468 4020 495 4057 v.
515 4002 541 4056 d.
563 4002 664 4056 Hardt:
682 4003 702 4056 I.
723 4006 776 4056 eto.

1000 4088 1009 4123 i
