3075 4750
248 461 250 468 ’
344 473 387 543 76
653 477 800 532 Sermones
819 475 930 531 Lutheri

1252 566 1257 597 l

345 646 468 728 quando
498 645 660 708 dicendum
691 649 739 708 sit.
787 646 877 708 Unde
903 647 954 707 bie
985 646 1153 726 pessimum
1185 643 1262 704 illud

345 730 542 792 detractionis
577 731 683 790 vitium
716 731 890 810 discerpere
922 736 954 790 et
979 731 1115 790 lacerare
1142 727 1262 788 studea·

269 825 271 832 ‘
344 834 421 875 mus.
465 803 674 874 Seiendnm't
650 819 771 910 itaque,
800 814 883 892 quod
905 815 1004 874 omnis
1027 813 1182 873 detractor
1202 813 1262 892 pri-

345 917 395 957 mo
418 903 466 956 est
454 896 642 956 thomieida
663 898 810 992 mystiee3
837 898 857 959 ι
880 916 906 958 e
929 897 1018 977 peior
1038 914 1129 975 quarn
1152 913 1262 973 eorpo-

343 979 425 1039 ralis.
468 979 617 1040 Probatur
639 981 711 1059 quia.
731 980 825 1040 homo
847 980 923 1039 vivit
943 979 1054 1059 tripliei
1075 980 1153 1048 vito,
1182 978 1262 1037 seili-

344 1069 393 1122 oet
419 1063 601 1141 corporalis
621 1063 768 1142 spirituali
800 1068 832 1123 et
860 1064 1008 1142 opinione
1043 1081 1098 1122 seu
1125 1062 1261 1140 nomine,

342 1146 428 1205 iuxta
459 1145 550 1224 illud,
585 1147 711 1206 nomine
741 1165 847 1207 eorum
873 1147 978 1206 vivent
1009 1146 1039 1204 in
1067 1151 1259 1225 perpetuum

343 1227 471 1288 Gladius
493 1191 595 1290 audem
623 1229 836 1290 detrectatoria
858 1230 962 1326 primo
987 1227 1133 1289 intertieit
1163 1230 1262 1306 (quae

343 1317 390 1370 est
411 1311 516 1402 lingua
539 1313 621 1386 eius)
652 1314 744 1372 vitam
781 1313 931 1389 nominis,
960 1331 1051 1391 quam
1080 1311 1158 1372 forte
1186 1328 1260 1370 nun-

343 1413 434 1490 quam
468 1402 570 1491 potest
598 1395 735 1456 reddere.
780 1394 954 1456 Secundum
983 1394 1099 1455 oceidit
1086 1394 1260 1454 tanimam

344 1477 423 1556 eius,
456 1479 503 1538 eoi
531 1478 664 1539 detrahit
669 1479 857 1558 quoniam
877 1478 948 1538 talis
971 1478 1039 1538 ad
1031 1484 1107 1538 rra'm
1131 1479 1191 1536 et'
1183 1477 1259 1536 rovi-

343 1560 424 1622 diam
448 1581 502 1622 seu
528 1561 631 1622 odium
654 1568 707 1622 aut
728 1561 810 1622 eliud
831 1569 992 1641 peecatum
1021 1560 1170 1634 mortale,
1205 1578 1260 1620 seu

342 1643 507 1704 vindictam
530 1664 585 1723 per
606 1645 830 1705 retalietionem
849 1644 1047 1705 detractionis
1063 1650 1259 1723 provocatur,

343 1733 374 1786 et
394 1729 419 1785 si
442 1728 586 1788 hooinon
609 1727 657 1803 fit,
696 1734 797 1786 tamen
830 1726 934 1800 lieret³
973 1734 1120 1805 quantum
1150 1728 1181 1786 in
1203 1726 1258 1786 illo

342 1809 413 1884 fuit,
449 1811 530 1869 misit
550 1811 629 1869 enim
653 1811 714 1875 iem
737 1817 801 1869 tum
822 1811 852 1870 in
876 1830 960 1888 eum3
993 1810 1092 1889 gratia
1113 1809 1170 1869 Dei
1192 1809 1260 1888 erit,

343 1893 368 1952 si
397 1910 458 1952 ιιοιι
491 1893 646 1953 oeeiderit.
702 1893 851 1954 Videatur
883 1893 1008 1954 Gabriel
1045 1893 1084 1953 de
1117 1893 1259 1975 Restitut.

342 1975 374 2036 L.
397 1975 448 2036 Ν
471 1975 604 2036 distinet
619 1979 667 2040 lb.
710 1976 814 2036 Tertio
838 1975 951 2037 ooeidit
968 1975 1139 2036 auditorem
1162 1994 1259 2054 suum,

342 2060 428 2137 quia,
457 2058 540 2138 quod
561 2059 670 2119 audire
691 2058 913 2120 detractionem
936 2060 976 2120 sit
995 2066 1157 2140 peecatum
1178 2077 1258 2119 mor-

262 2171 264 2176 *
340 2142 417 2236 tale,
438 2141 586 2222 probatur
607 2161 646 2201 ex
668 2142 808 2202 Psalmo.
842 2143 991 2222 Domine,
1019 2143 1088 2224 quis
1110 2140 1261 2202 habitabit

341 2224 371 2282 in
393 2223 615 2285 tabernaculo?
637 2225 818 2304 Respondet
819 2245 863 2304 ur,
885 2228 936 2304 qui
958 2189 1021 2286 nbn
1042 2224 1202 2305 aeeepit,
1194 2243 1213 2286 1.
1229 2243 1256 2287 e

340 2308 497 2370 consensit
532 2308 729 2405 opprobrium
766 2308 913 2380 adversus
946 2309 1121 2389 proximum
1158 2327 1257 2405 suum,

307 2387 309 2395 ’
340 2392 475 2470 quinon
498 2391 740 2472 egitdolumrn
764 2392 885 2472 lingua
906 2392 1084 2489 Hebraiee,
1114 2392 1166 2470 qui
1193 2410 1257 2465 non

339 2473 390 2533 det
393 2474 475 2534 ulit
467 2494 498 2533 m
520 2475 627 2555 lingua
648 2494 712 2536 sua
756 2475 840 2555 Ergo
863 2476 913 2553 qui
936 2476 1063 2554 accipit,
1086 2494 1149 2534 non
1172 2462 1255 2534 habi-

339 2556 443 2616 tebit
403 2564 466 2617 tin
488 2558 723 2618 taberueeulo
715 2576 735 2616 r.
757 2577 785 2617 e.
808 2557 954 2636 eeclesia,
985 2560 1064 2617 sieut
1084 2557 1194 2617 ludaei
1215 2558 1257 2617 fe-

339 2647 446 2699 serunt
466 2640 497 2700 in
519 2640 651 2701 Christe.
695 2639 756 2700 Sed
787 2640 889 2700 nullus
917 2660 981 2701 non
1008 2640 1163 2701 habitat
1155 2660 1187 2699 ιιι
1203 2656 1258 2700 ee

339 2722 435 2781 elesia
456 2724 513 2782 nisi
541 2722 678 2783 mortalis
708 2730 872 2802 peccator,
906 2743 965 2783 vae
992 2723 1069 2783 illis!
1113 2722 1257 2784 Seeundo

339 2810 410 2865 sunt
430 2804 535 2865 furiosi
559 2807 679 2885 tyranni
703 2806 769 2864 sine
790 2806 1018 2885 misericordia3
1044 2806 1177 2886 ideoque
1198 2826 1258 2867 nee

338 2888 396 2966 ipsi
425 2888 557 2947 animam
586 2895 821 2967 consequentur.
865 2889 948 2964 Quie'
972 2896 1169 2969 praeseptum
1199 2896 1257 2967 est,

339 2969 420 3049 quod
444 2978 580 3031 mortuos
603 2971 805 3051 sepeliamus:
825 2972 871 3032 illi
890 2981 992 3033 autem
1015 2974 1040 3032 si
1062 2974 1123 3032 sint
1145 2972 1257 3051 sepulti

339 3052 488 3113 effodiunt
513 3061 545 3113 et
571 3054 722 3114 foetorem
752 3074 859 3116 eorum
887 3055 1067 3136 dispergunt
1087 3074 1143 3135 per
1165 3075 1256 3115 nares

338 3143 453 3212 terrae,
474 3137 505 3197 i
517 3156 545 3199 e.
566 3136 740 3214 hominum,
762 3140 808 3198 sie
829 3139 948 3199 Martha
967 3137 1125 3219 prohibuit
1146 3138 1256 3199 tridua

338 3238 410 3279 num
433 3221 591 3299 suscitari,
615 3221 697 3300 quod
719 3222 784 3281 soe
773 3227 864 3299 eret
888 3223 981 3281 etiem
1003 3221 1105 3281 Chris
1093 3228 1166 3281 um
1209 3220 1284 3281 llli'

337 3308 515 3363 autemnon
531 3305 584 3363 sie.
627 3305 780 3365 Vaeillisl
803 3304 854 3365 Sre
864 3304 970 3367 Moses
980 3307 1147 3384 praeeep1t
1169 3305 1256 3385 igno-

338 3386 523 3446 miniamet
550 3375 775 3483 turpitudihern·
795 3388 915 3464 metris,
944 3388 1078 3463 sororis,
1104 3387 1204 3446 fratris
1226 3394 1259 3448 et

338 3475 508 3529 ceterorum
530 3488 593 3531 non
615 3470 775 3547 reveles,'
766 3488 786 3529 ι.
805 3490 831 3530 e.
855 3434 1017 3549 pedeatum
1038 3478 1071 3529 et
1092 3469 1195 3530 defeet
1183 3478 1256 3530 tum.

338 3550 415 3612 Sunt
436 3553 518 3612 enim
548 3555 686 3631 sagittus
709 3553 888 3633 Θιιιιιιςςιιι,
915 3554 1080 3631 demittet,
1109 3551 1261 3631 lintella(

337 3633 470 3708 meree,
492 3634 596 3710 etate,
628 3636 759 3709 buttes,
789 3636 957 3712 iprenses,
984 3636 1083 3711 tentet
1103 3639 1161 3698 unt
1184 3636 1256 3697 silet

337 3718 468 3797 nepus
498 3732 543 3779 ner
544 3715 659 3797 gnetlelt
687 3720 857 3799 nuptiatis
889 3718 1042 3797 bleibbstbt
1070 3723 1125 3781 unt
1148 3718 1256 3797 baller

336 3798 378 3858 Et
397 3818 452 3880 per
479 3800 541 3861 hoe
566 3801 811 3880 repercutiuntur
838 3802 898 3881 illi,
932 3803 984 3882 qui
1010 3808 1119 3882 putant
1149 3822 1256 3862 verum

337 3901 406 3943 esse
435 3882 616 3962 dieendum,
652 3892 684 3944 et
715 3886 982 3945 exeusationem
973 3905 1005 3945 ιιι
1032 3886 1169 3965 peccatis
1198 3886 1258 3946 sibi

338 3963 474 4045 lingunt,
510 3967 581 4045 quia
609 3966 727 4028 seilicet
757 3974 831 4029 tuno
865 3968 934 4029 aliis
966 3975 1056 4029 esset
1056 3988 1107 4048 ur,
1146 3975 1178 4029 et
1204 3968 1259 4031 ille
