3075 4750
329 495 371 564 94
656 498 805 551 Sermones
823 496 934 550 lutheri

320 670 526 750 ‘quodPetro
556 666 717 748 apparuit,
751 675 787 728 ut
815 687 878 728 una
904 684 972 727 cum
1005 665 1065 727 illis
1101 663 1253 725 indicaret
1289 729 1297 750 ,

332 755 418 832 aliis,
451 753 544 831 igitur
569 751 875 829 illis,recedentibus.
913 751 1000 811 Joh.:
1023 749 1119 808 Maria
1147 753 1250 808 antem

325 837 433 897 stabat
464 834 502 893 ad
538 836 650 895 ostium
683 835 757 895 foris
791 834 926 914 plorans.
976 832 1056 893 Vide
1090 832 1122 890 in
1155 837 1251 910 textu,

329 919 411 999 quod
433 918 560 997 longum
583 923 639 977 est.
673 917 787 978 lterum
812 925 912 977 autem
937 935 1005 976 eum
1026 915 1136 992 Maria3
1159 915 1263 994 igitur

329 1003 412 1061 aliae
434 1001 577 1061 mulieres
599 1001 714 1079 abeunt
735 1003 881 1061 nunciare
908 1000 991 1078 aliis,
1024 999 1096 1078 quia
1123 997 1252 1075 quilibet

329 1085 529 1164 plenustunc
551 1085 671 1144 nunciis
694 1086 783 1144 novis
806 1085 1022 1164 alloquuntur
1051 1100 1159 1142 omnes
1188 1098 1250 1139 om·
1352 1126 1357 1131 .

328 1166 427 1227 nibus.
468 1167 591 1228 Matth.:
628 1167 668 1227 Et
696 1187 765 1226 cnm
792 1169 882 1228 iverit
916 1167 1060 1228 nunciare
1092 1163 1250 1242 discipulis

328 1252 403 1310 eius.
447 1250 515 1311 Hoc
536 1250 663 1310 verbum
687 1251 784 1311 nostri
807 1249 931 1311 codices
953 1267 1016 1310 non
1039 1247 1164 1320 habent,
1195 1245 1250 1305 sed

328 1353 472 1414 graecus:
496 1333 536 1392 Et
557 1352 631 1393 ecce
648 1333 738 1393 Jesus
760 1335 891 1394 occurrit
912 1333 982 1411 illis,
1018 1331 1123 1390 dicens
1141 1330 1249 1388 Avete‘.

327 1417 375 1477 llli
402 1423 505 1475 autem
535 1423 732 1476 accesserunt
761 1423 792 1476 et
820 1422 984 1477 tenuerunt
1012 1414 1107 1494 pedes
1131 1414 1196 1472 eius
1220 1419 1251 1472 et

330 1499 535 1559 adoraverunt
557 1520 636 1560 eum.
679 1500 766 1559 Tunc
787 1501 831 1559 ait
856 1499 916 1559 illis
937 1499 1044 1559 desua:
1080 1496 1184 1555 Nolite
1217 1496 1251 1556 ti·

330 1603 423 1655 mere,
445 1585 589 1642 nunciate
610 1583 750 1643 fratribus
774 1585 860 1661 meis,
882 1588 915 1641 ut
932 1588 1004 1642 eant
1022 1582 1052 1640 in
1067 1577 1250 1656 Galilaeam,

328 1667 370 1727 ibi
393 1686 441 1725 me
463 1665 618 1727 videbunt.
646 1665 732 1725 Haec
753 1666 837 1725 dixit
851 1667 953 1745 potius
976 1663 1014 1724 ad
1038 1665 1158 1743 sigrium
1181 1681 1251 1741 pro·

329 1749 450 1809 bandae
472 1750 704 1826 resurrectionis
727 1755 758 1808 et
780 1748 970 1810 memorandi
992 1747 1079 1806 verbi
1100 1746 1155 1822 sui,
1179 1746 1251 1824 quia

330 1833 435 1910 ntique
456 1834 539 1910 prius
562 1852 631 1892 eum
653 1831 805 1910 viderunt,
830 1851 920 1909 quam
944 1833 973 1890 in
998 1830 1157 1906 Galilaea,
1194 1828 1249 1887 sed

329 1916 391 1976 hoo
410 1917 479 1994 ipso
502 1914 552 1974 die
574 1914 639 1975 vult
660 1915 773 1993 dicere,
795 1915 845 1974 Jte
868 1923 898 1974 et
920 1914 1012 1973 dieite
1039 1914 1100 1990 eis,
1135 1918 1168 1971 ut
1188 1931 1250 1970 mca

307 2036 309 2041 ι
331 2016 433 2058 mores
456 1999 524 2069 sint,
546 1998 630 2077 qnod
653 1998 725 2075 dixi,
749 2017 798 2057 me
821 2015 876 2057 cos
893 2015 1127 2076 praecessurum
1144 1996 1174 2054 in
1189 1994 1248 2054 Ga-

329 2081 464 2159 lilaeam,
485 2082 535 2141 vel
556 2080 626 2141 ideo
650 2082 738 2160 dicit,
768 2082 839 2159 quia
859 2082 890 2139 in
912 2080 1054 2139 Galilaea
1082 2079 1120 2138 ab
1152 2078 1266 2140 omnir

328 2164 385 2225 bns
406 2165 592 2244 generaliter
612 2166 696 2224 visus
718 2171 775 2242 est,
793 2164 865 2243 plus
888 2183 977 2242 quam
1001 2161 1175 2241 quingentis
1191 2160 1250 2220 ira-

330 2247 440 2326 tribus,
470 2255 503 2307 ut
531 2249 575 2307 aii
597 2248 766 2327 apostolus.
810 2247 849 2306 Et
871 2248 916 2306 sic
938 2246 1079 2306 mulieres
1099 2244 1249 2320 lecerunt,

330 2338 437 2391 eunies
459 2331 587 2392 ethaeo
608 2332 800 2409 nunciantes,
824 2329 952 2404 necdum
976 2327 1180 2389 crediderunt.
1210 2326 1251 2387 Et
1302 2361 1308 2374 i

333 2417 511 2495 supervenit
531 2414 569 2474 ad
591 2416 623 2476 id
645 2416 741 2474 Maria
762 2414 964 2495 Magdalena,
988 2414 1052 2489 cui,
1080 2420 1114 2471 ut
1133 2410 1250 2470 dohan-

331 2518 388 2559 nes
411 2500 493 2577 dicit,
516 2499 656 2557 similiter
675 2498 845 2577 praecedit:
879 2496 968 2557 Vade
995 2502 1097 2556 aute'm
1127 2494 1167 2555 ad
1195 2494 1252 2553 fra-

332 2589 393 2642 tres
424 2601 510 2641 meos
539 2589 570 2641 et
599 2580 648 2640 dio
670 2582 724 2659 eis,
753 2580 910 2640 adscendo
934 2588 991 2643 ete.
1035 2579 1129 2639 Venit
1155 2578 1252 2637 Maria

332 2665 525 2745 Magdalena,
548 2666 738 2727 annuncians
761 2663 933 2743 discipulis,
963 2662 1042 2737 Quia
1063 2661 1125 2721 vidi
1147 2660 1251 2721 Domi-

252 2817 254 2826 ,
331 2769 404 2807 num
428 2755 459 2807 et
480 2748 558 2807 haec
579 2747 656 2806 dixit
678 2747 759 2807 milri.
803 2746 906 2821 Quare
936 2754 1036 2807 autem
1065 2764 1173 2825 passus
1205 2750 1254 2804 est

332 2850 367 2891 se
388 2832 473 2911 tangi
494 2851 513 2889 a
536 2829 710 2890 mulieribus
741 2837 773 2890 et
800 2849 863 2890 non
894 2850 912 2889 a
940 2830 1050 2907 Maria,
1085 2828 1157 2889 alibi
1188 2828 1252 2888 dlxi

332 2916 512 2994 mysterium
536 2914 725 2973 latissimum.
747 2913 795 2972 Ex
818 2914 864 2973 his
883 2912 1023 2974 omnibus
1040 2918 1134 2992 patet,
1159 2912 1251 2991 quod,

332 3000 410 3057 sicat
430 2998 550 3081 Marcus
571 2996 658 3075 dixit,
677 2999 777 3076 prima
798 2998 949 3076 apparitio
971 2996 1053 3055 facta
1074 2996 1252 3068 estMariae

332 3078 535 3161 Magdalenae
557 3088 588 3139 et
608 3099 681 3140 mox
702 3082 763 3140 illis
779 3079 964 3158 mulieribus,
986 3080 1047 3139 imo
1070 3080 1149 3139 forle
1160 3080 1252 3139 Petro

333 3164 422 3223 simul
445 3164 620 3225 mulieribus
643 3171 674 3223 et
694 3164 818 3238 Mariae,
850 3164 995 3241 quoniam
1025 3179 1087 3223 non
1117 3168 1164 3223 est
1191 3162 1252 3222 lroe
1293 3214 1302 3237 ,

332 3247 539 3327 impossibile,
568 3247 594 3307 si
626 3248 776 3307 voluisset
797 3246 907 3305 lacere.
951 3245 1060 3306 Unde*
1075 3245 1152 3305 dixit
1174 3244 1251 3304 Mar·

333 3350 401 3391 cus:
430 3331 564 3411 surgens
582 3331 672 3390 Jesus
695 3348 785 3390 mane
806 3331 904 3408 prima
926 3329 1083 3408 Sabbathi,
1111 3329 1253 3411 apparuit

331 3417 431 3495 primo
455 3414 568 3475 Mariae
590 3413 804 3494 Magdalenae,
833 3412 871 3472 de
894 3432 954 3491 qua
976 3416 1109 3474 eiecerat
1131 3418 1249 3491 septem

333 3499 505 3561 daemonia.
549 3498 611 3557 Jlla
632 3505 733 3557 antem
765 3496 880 3557 vadens
899 3499 1101 3570 annunciavit
1121 3498 1168 3577 iis,
1201 3498 1252 3576 qul

331 3584 469 3655 fuerant,
503 3580 676 3662 lugentibus
699 3587 730 3639 et
761 3579 921 3659 flentibus,
945 3589 976 3639 et
1004 3580 1049 3640 illi
1082 3581 1252 3659 audientes,

334 3666 416 3747 quod
438 3668 564 3737 viveret,
586 3667 719 3724 elvisus
742 3662 878 3723 essetab
902 3682 948 3741 ea,
970 3682 1032 3723 non
1048 3663 1252 3725 crediderunt.

333 3750 384 3810 Sic
400 3750 548 3810 habemus
567 3748 642 3807 duae
658 3748 879 3827 apparitiones,
902 3766 992 3806 unam
1019 3766 1109 3815 mane
1127 3750 1251 3828 iactam,

282 3869 293 3887 .
334 3850 425 3891 unam
461 3832 576 3891 Mariae
607 3830 826 3911 Magdalenae,
867 3830 992 3891 alteram
1036 3830 1103 3891 aliis
1139 3830 1252 3891 Mariis.

334 3913 424 3987 Quod
445 3914 535 3975 Petro
559 3916 650 3975 etiam
674 3916 857 3993 apparuerit,
885 3920 999 3973 certum
1023 3921 1086 3993 est,
1114 3914 1167 3975 aed
1198 3912 1252 3974 da

334 3995 426 4076 bium,
447 4018 487 4058 an
507 4000 538 4057 in
561 3999 621 4078 via,
643 3998 694 4059 val
715 4016 816 4061 mana.
860 3996 927 4058 Hoc
950 3996 1026 4059 dicit
1047 3999 1129 4059 enim
1145 3997 1252 4076 Lucas,
