3075 4750
347 495 410 567 382
705 504 925 574 Disputationes*

393 623 396 628 >
429 672 489 751 48)
524 671 634 733 Nullus
667 672 826 734 hominum
862 676 971 753 novit,
996 676 1134 755 omues
1167 684 1282 756 peccet

346 756 530 897 morantes,
554 758 648 818 etiam
666 758 698 817 in
720 755 993 839 bonisoperibus,
1015 765 1144 841 proptor
1166 777 1279 821 vanarn

346 858 488 919 gorram.
1269 865 1272 875 ·
1345 880 1348 885 -

430 919 490 997 49)
510 920 559 982 Ea
583 929 701 983 tantum
724 923 818 984 debet
838 924 995 1002 confiteri,
1034 941 1113 1003 quae
1142 924 1193 986 vel
1221 925 1278 988 sibi

347 1004 397 1066 vei
418 1005 488 1065 aliis
512 1012 596 1065 certa
617 1012 689 1066 sunt
710 1024 780 1066 esse
801 1007 953 1084 mortalia,
975 1008 1006 1067 id
1027 1014 1085 1087 est,
1106 1010 1249 1070 crimina.

428 1091 485 1160 50)
509 1088 557 1148 De
577 1088 702 1168 reliquis
724 1090 929 1171 desperando,
952 1110 985 1151 se
1006 1092 1108 1171 ipsum
1119 1110 1192 1152 cnm
1204 1090 1280 1153 fidu-

346 1172 394 1232 cia
416 1172 446 1229 in
468 1170 615 1251 abyssum
640 1172 871 1234 misericordiae
898 1174 955 1233 Dei
986 1172 1118 1234 fideliter
1148 1177 1277 1255 promit-

344 1254 437 1314 tentis
458 1255 621 1334 proiicere.

629 1337 752 1399 Summa
779 1358 986 1400 summarum:
1084 1348 1104 1395 J
1133 1358 1136 1368 ·

427 1420 533 1481 iustus
557 1437 620 1481 non
643 1422 870 1503 exoperibus,
904 1440 1004 1502 neque
1026 1439 1067 1483 ex
1089 1423 1183 1504 lege,
1220 1425 1276 1485 sed

345 1519 384 1563 ex
406 1502 467 1563 nce
489 1505 580 1583 viret,
605 1504 693 1566 Rom.
717 1508 747 1566 1.
1062 1528 1065 1535 ’

344 1713 596 1835 Disputatio
618 1717 665 1809 D.
688 1713 870 1847 Martini
899 1704 1082 1810 Lutheri
1111 1718 1165 1845 da
1195 1701 1276 1812 o'ir·

670 1853 936 1927 summumne.
1016 1931 1018 1939 s
1059 1874 1078 1952 g

741 2018 870 2097 (1518.)

380 2139 386 2179 ι
425 2177 514 2243 Haec
535 2178 712 2263 disputatio,
734 2182 767 2247 P.
786 2182 949 2245 Lombardi
972 2182 1011 2243 de
1033 2184 1273 2244 circumcisione

344 2264 539 2350 opinionibus
562 2268 721 2346 opposita,
744 2268 773 2325 in
798 2266 845 2328 ed.
864 2266 1120 2349 Propositionum
1144 2265 1273 2327 Lutheri

342 2368 370 2412 a.
397 2350 476 2415 1530
495 2348 716 2411 'adnumeratur
733 2352 920 2429 ann015203
942 2351 1015 2430 post
1027 2348 1270 2430 disputationem

342 2428 635 2514 Heidelbergensem
655 2433 790 2513 ponitur,
812 2435 915 2513 ibique
936 2423 1179 2514 haec'legu'ntur
1202 2433 1270 2494 sub-

342 2516 469 2597 scripto:
490 2516 528 2577 D.
551 2516 649 2576 Morti.
672 2516 759 2581 Luth.
779 2517 819 2578 M.
840 2517 878 2579 D.
898 2515 972 2595 XX,
993 2518 1023 2576 in
1048 2515 1121 2576 edit.
1141 2535 1172 2576 a.
1188 2517 1269 2582 1558

341 2605 444 2659 autem
466 2599 559 2659 verba
581 2597 754 2680 subscripto
773 2601 919 2682 leguntur
937 2597 1023 2666 nuile
1044 2603 1075 2658 'et
1089 2597 1267 2680 'disputatio

316 2698 321 2708 ·
341 2683 409 2762 ipsu
429 2683 618 2744 interseritur
629 2683 707 2742 inter
719 2683 920 2763 superiorem,
944 2701 1024 2762 quae
1039 2681 1163 2762 incipit:
1187 2683 1270 2742 Inter

342 2763 418 2824 duas
441 2764 667 2826 ecclesiasticas
691 2765 759 2825 illas
782 2767 979 2827 remissiones
993 2771 1061 2844 etc,
1084 2771 1115 2824 et
1137 2770 1268 2845 sequen·

341 2853 412 2926 tem,
435 2849 519 2908 ouius
541 2849 700 2909 exordium
722 2847 783 2910 hoc
805 2855 865 2911 est:
889 2845 1176 2909 Diffidentesnobis
1194 2850 1267 2928 ipsis
1329 2889 1335 2892 -

340 2937 572 3074 {sitisti
585 2929 689 3075 tn}
710 2929 750 3075 tf
752 2929 1162 3094 ⁰b¹¹⁰xb1¹ri³⁸adiiiiiii
1171 2931 1267 3095 εἰξέἰέῗ

255 3132 265 3144 -
340 3093 580 3176 disputationem
594 3092 898 3178 Heidelbergensem.
930 3095 996 3158 Nos
1015 3097 1110 3157 secuti
1131 3096 1195 3157 loci
1218 3117 1264 3158 or-

341 3177 460 3259 dinem,
493 3181 544 3258 qui
577 3187 625 3240 est
656 3183 689 3242 in
725 3180 960 3241 collectionibus
994 3179 1073 3261 Opp.
1095 3177 1202 3259 unm,
1236 3189 1266 3241 et

328 3249 488 3324 'Wittenb
511 3268 542 3323 et
563 3263 710 3342 ienensi,
731 3264 820 3323 h'uius
839 3262 1056 3346 disputationis
1079 3267 1196 3323 teritum
1219 3284 1263 3324 re-

338 3341 501 3426 petivimus
524 3365 564 3406 ex
588 3345 636 3409 ed.
655 3343 908 3428 Propositionum
930 3344 1017 3406 Lon.
1040 3361 1068 3406 s.
1092 3344 1191 3424 1530,
1221 3363 1265 3406 ra-

338 3430 423 3490 tione
444 3423 549 3491 habito
566 3427 739 3490 'editionum
761 3449 790 3490 a.
814 3425 898 3496 1538
917 3435 948 3490 et
971 3428 1068 3494 1558:

303 3589 309 3598 Ι
421 3507 529 3574 Lunna
559 3514 670 3594 legitur
700 3510 779 3574 haec
810 3504 976 3593 disputatio
1008 3513 1040 3572 in
1073 3511 1220 3582 edsben.
1242 3513 1264 3590 i,

337 3615 368 3676 p.
390 3599 440 3659 26.
470 3595 619 3657 Wittenb.
642 3596 669 3676 1,
704 3596 759 3674 583
798 3596 976 3678 germanice
1008 3596 1039 3654 in
1063 3593 1111 3657 ed.
1132 3593 1262 3656 HaIensi

337 3678 483 3828 11172135,
509 3678 665 3760 Lipsiensi
685 3677 788 3758 nvn,
821 3677 901 3759 19¹1,
939 3681 1000 3760 ap?
1025 3675 1145 3744 Walch.
1182 3678 1262 3756 XIX,

442 3780 486 3841 δᾳ.
689 3782 702 3793 .
1031 3785 1033 3792 ,
1381 3789 1382 3798 ,

421 3843 456 3925 1)
472 3845 744 3906 circumcisionem
762 3845 896 3906 valuisse
912 3845 944 3905 in
956 3845 1169 3912 remissionem
1193 3859 1263 3924 peo-

337 3929 398 3988 cati
433 3928 607 4009 originalis,
640 3936 768 4009 propter
798 3928 999 3989 institutioem
1026 3927 1083 3988 Dei
1116 3934 1147 3987 et
1168 3925 1261 3988 fidem

337 4008 481 4070 Abrahae
503 4012 534 4070 in
556 4009 720 4092 Christum,
742 4011 874 4073 libentur
891 4009 1100 4074 concedimus.
