3075 4750
355 443 417 551 228
683 488 832 541 Sermones
850 484 961 541 Lutheri

355 658 479 735 servire,
502 654 557 717 sed
579 656 721 718 omnibus
745 655 897 717 dominari
918 660 976 719 eto.
1020 656 1072 717 Sia
1094 654 1280 734 sapientiam

356 760 444 801 snam
468 742 562 819 exuit,
586 738 710 819 quando
732 758 796 799 non
816 741 846 799 in
871 758 908 799 ea
929 740 987 799 sibi
1008 738 1124 819 placuit
1135 756 1193 798 uos
1207 756 1280 797 oon-

355 817 506 900 t'emuens,
528 822 584 883 sed
606 842 641 883 se
661 824 760 902 ipsum
779 829 992 901 contemnens,
1015 829 1046 883 et
1063 834 1119 901 per
1136 819 1279 897 eandem,

356 907 446 966 nobis
468 908 623 981 servieus,
651 905 810 965 stultitiam
838 912 974 965 nostram
998 924 1090 983 super
1112 908 1181 962 sese
1202 904 1279 963 reei-

355 990 464 1069 piens,
491 1006 547 1067 pro
574 988 663 1049 nobis
694 988 804 1048 stultus
836 986 943 1047 iaetus.
996 987 1081 1049 Siout
1111 987 1142 1046 in
1165 983 1279 1045 eodem

357 1070 479 1130 Psalmo
502 1073 552 1135 68.
575 1068 663 1130 nisit}
699 1071 794 1149 Deus,
816 1078 847 1131 tu
871 1072 931 1129 sais
943 1070 1151 1149 insipientiam
1165 1086 1276 1130 meam.

355 1154 402 1212 lta
423 1172 479 1232 per
498 1155 645 1213 iustitiam
667 1172 753 1212 suam
776 1172 882 1212 servus
906 1152 994 1213 nobis
1017 1154 1073 1212 fuit
1094 1170 1132 1212 ao
1153 1169 1209 1230 pro
1223 1170 1278 1212 uo·

356 1236 402 1295 bis
422 1231 582 1314 ‘peccator
607 1236 715 1299 faetus.
759 1235 845 1297 Siout
867 1236 940 1296 dieit
962 1235 1072 1296 eodem
1095 1235 1223 1294 Psalmt
1248 1241 1280 1294 et

355 1318 470 1378 delieta
482 1338 552 1379 mea
572 1315 592 1379 a
613 1327 644 1379 te
665 1338 728 1379 non
748 1326 819 1379 sunt
834 1318 1026 1396 abscondita,
1047 1317 1199 1378 etPsalm.
1217 1319 1277 1379 22:

356 1401 452 1482 longe
474 1420 493 1461 a
514 1401 612 1462 salute
636 1419 705 1461 mea
726 1401 821 1461 verba
843 1400 1023 1461 delictorum
1044 1420 1193 1461 meorum.
1227 1399 1280 1460 Sis

356 1483 395 1543 de
417 1482 559 1545 omnibus
581 1486 670 1546 bonis
693 1486 757 1543 eius
780 1484 990 1563 sentiendum,
1014 1503 1092 1564 quae
1115 1484 1279 1563 apostolus

356 1566 413 1627 sub
449 1569 575 1627 no‘mine
611 1568 729 1628 formae
765 1568 822 1627 Dei
861 1567 992 1627 breviter
1032 1564 1278 1647 comprehendit.

356 1648 473 1724 Quibus
495 1650 637 1711 omnibus
659 1652 705 1709 sie
724 1650 866 1728 servivit,
898 1669 935 1709 aa
957 1652 982 1710 si
1005 1670 1042 1710 ea
1064 1668 1126 1711 uon
1149 1649 1280 1709 haberet

356 1739 388 1793 et
418 1731 494 1793 nihil
516 1732 555 1793 ad
578 1736 647 1793 euin
670 1735 868 1812 pertinerent.
911 1733 1049 1793 Snbieait
1077 1752 1111 1793 se
1133 1731 1278 1793 omnibus

337 1815 446 1874 malis
468 1834 525 1895 pro
547 1816 653 1892 nobis,
685 1834 765 1894 quae
794 1835 850 1895 per
882 1816 1011 1876 sormam
1041 1816 1121 1876 servi
1143 1814 1287 1901 breviter,

356 1898 598 1978 comprehendit.
647 1898 731 1958 Siout
752 1898 842 1958 dieit:
870 1899 911 1959 Et
937 1918 1044 1960 omnes
1073 1897 1183 1959 fluetus
1207 1906 1277 1972 tuos
1358 1917 1365 1941 r

343 1980 502 2040 induxisti
525 2000 617 2061 super
644 2000 710 2051 me,
744 1989 776 2041 et
808 1982 932 2042 desaiae
964 1985 1020 2047 53:
1065 1982 1105 2041 Et
1125 1982 1277 2041 Dominus

357 2064 462 2143 posuit
493 2082 586 2143 super
611 2084 680 2123 eum
704 2071 834 2143 pensata
856 2066 993 2126 omnium
1014 2072 1163 2127 nostrum.
1197 2063 1277 2123 Gon-

356 2154 404 2206 tra
425 2146 581 2207 Pharisaei
604 2149 738 2227 aoeeptis
761 2148 808 2206 his
831 2148 936 2208 formis
948 2148 1015 2226 Dei,
1038 2149 1125 2225 quasi
1148 2147 1192 2207 eis
1214 2147 1278 2206 siut

355 2237 483 2309 propter
503 2248 537 2289 se
558 2230 644 2309 ipsos
667 2230 767 2308 datae,
792 2249 854 2290 uon
877 2250 933 2311 per
949 2250 1002 2291 eas
1019 2231 1155 2290 serviunt
1172 2248 1276 2289 exem-

355 2311 409 2394 plo
427 2311 542 2372 Christi
565 2314 619 2392 iis,
641 2314 692 2392 qui
715 2332 778 2374 uon
800 2313 929 2392 habeut,
958 2316 1013 2374 sed
1036 2313 1093 2375 sibi
1115 2314 1189 2394 ipsis
1211 2312 1277 2392 pla-

357 2402 442 2474 oent,
475 2396 611 2477 gaudent
633 2401 719 2476 'prae
748 2399 858 2457 esteris
888 2417 957 2458 esse
987 2397 1118 2476 aliquid,
1147 2396 1276 2475 laudari,

355 2479 516 2558 honorari,
544 2481 697 2559 prompti,
725 2498 848 2559 semper
873 2481 941 2540 aliis
962 2499 1018 2559 per
1045 2499 1098 2540 eas
1121 2498 1277 2559 praeesse,

356 2562 521 2639 dominam,
549 2580 693 2641 arguere,
726 2563 886 2640 mordere,
916 2563 1094 2641 detrahere,
1129 2562 1277 2641 iudicare,
1383 2589 1384 2616 2

356 2645 520 2722 damnare,
548 2651 580 2703 et
615 2646 660 2703 ita
692 2645 774 2704 bona
807 2647 864 2705 Dei
898 2647 996 2706 forma
1018 2646 1155 2706 horribili
1176 2645 1276 2704 abusu
1383 2709 1384 2728 ,

354 2728 413 2787 sibi
439 2727 515 2806 ipsis
549 2727 786 2787 inaestimabilia
815 2728 896 2787 mala
923 2733 1098 2808 operantur.
1147 2728 1188 2786 Et
1216 2728 1278 2789 hoe

307 2839 316 2854 ι
355 2817 404 2870 est
425 2809 506 2868 hano
526 2810 656 2868 formam
680 2829 740 2870 non
764 2810 903 2870 arbitrari
925 2813 983 2871 nisi
1005 2812 1154 2890 rapinam,
1176 2818 1211 2871 ut
1222 2830 1279 2890 per

356 2909 425 2952 eam
447 2889 523 2951 fiant
543 2893 623 2950 siout
645 2893 726 2952 Deus
748 2894 832 2972 ipse,
855 2895 905 2972 qui
928 2913 984 2954 sua
1006 2895 1104 2954 forma
1126 2894 1203 2954 nulli
1225 2894 1277 2955 de·

355 2974 422 3052 bet,
445 2981 477 3033 ut
499 2974 680 3037 liberrimus.
724 2977 875 3055 Numqui
899 2978 1027 3037 sormam
1050 2977 1130 3036 hano
1152 2977 1277 3056 aeoipit,

355 3064 387 3118 et
407 3077 469 3117 nou
492 3057 532 3116 ad
553 3057 629 3133 hoo,
652 3058 690 3117 ad
713 3058 795 3137 quod
819 3059 891 3120 data
912 3066 979 3138 est,
1013 3061 1172 3120 manifeste
1197 3062 1279 3144 rapit

355 3159 423 3200 eam
446 3139 502 3199 sibi
524 3140 583 3220 ipsi
605 3149 636 3201 et
656 3141 748 3201 talem
771 3159 839 3202 eam
852 3142 1023 3220 arbitratur,
1047 3162 1125 3222 quae
1138 3163 1278 3203 suaesse

354 3223 476 3300 debeat,
498 3243 567 3283 eum
587 3224 656 3283 aliis
678 3226 708 3283 in
732 3225 790 3284 hae
812 3244 918 3285 servus
942 3245 1011 3286 esse
1033 3225 1155 3289 debeat.
1200 3227 1276 3288 ideo

354 3307 493 3386 rapinam
521 3307 595 3369 facit
625 3307 715 3366 etad
739 3307 800 3367 hoe
822 3315 854 3366 ut
876 3309 915 3368 sit
938 3309 1076 3387 aequalis
1099 3310 1176 3369 Deo.
1227 3309 1278 3370 Ad

355 3391 417 3450 hoa
438 3390 536 3469 ipsum
561 3389 724 3449 voluerunt
746 3391 881 3470 apostoli
903 3393 932 3450 iu
957 3391 1016 3452 hoa
1038 3393 1203 3473 evangelio
1227 3411 1278 3454 eo·

356 3474 432 3534 nari.
475 3472 549 3533 Ideo
562 3472 699 3536 Christus
713 3473 853 3553 reprimit
870 3493 925 3534 eos
943 3485 973 3535 et
989 3475 1029 3534 ad
1042 3475 1173 3536 formam
1197 3477 1279 3538 servi

354 3574 410 3617 eos
432 3556 567 3632 retrahit,
591 3565 623 3626 ut
644 3556 705 3616 sint
726 3558 812 3636 pueri
839 3563 870 3616 et
891 3557 1011 3636 pusilli,
1034 3558 1153 3618 seilicet
1173 3580 1278 3639 sensu,

353 3638 429 3698 nihil
452 3640 554 3718 magni
579 3637 618 3697 de
640 3640 770 3718 seipsis
793 3641 959 3718 sapientes,
982 3640 1037 3702 sed
1059 3643 1204 3702 omnibus
1227 3665 1278 3725 pa-

353 3723 411 3782 rati
434 3721 474 3781 ad
495 3720 702 3781 obediendum
726 3723 806 3782 sieut
825 3723 964 3801 pusillus.

674 3849 955 3912 Corollarium:

398 4011 401 4014 -
436 3971 532 4050 Patet,
554 3971 637 4052 quod
652 3973 807 4034 humilitas
824 3993 843 4032 a
864 3974 968 4034 multis
981 3966 1115 4054 *quidem
1138 3977 1280 4060 donetur,
