3075 4750
629 497 653 534 a
672 481 742 538 1515
759 475 856 537 aare.
1156 430 1197 548 sl

277 655 390 730 potens
407 667 441 708 es
458 650 491 708 in
508 649 678 728 iniquitate,
700 656 766 712 tota
787 650 839 712 die
858 653 891 712 iu
913 652 1059 715 iustitiam
1080 655 1196 734 eogita-

278 733 322 792 vit
341 729 450 812 lingua
471 738 538 810 tua,
572 733 650 792 si'eut
671 734 825 794 novaeula
845 742 937 797 aeuta
957 735 1057 796 leoisti
1078 734 1196 798 dolum.

276 814 476 878 Detraetores
501 816 582 875 euim
601 817 645 874 ita
665 834 728 876 rem
751 824 862 897 parant
882 824 915 878 et
934 825 1054 897 ornant,
1077 826 1112 879 ut
1131 819 1197 899 plu-

276 898 363 958 rimis
391 897 558 978 verisimile
589 900 642 974 sit,
674 899 757 978 quod
787 900 906 977 dieunt,
942 919 972 964 e.
993 921 1023 982 g.
1046 902 1125 961 sieut
1147 901 1197 962 hia

277 981 383 1059 Do'e'g‚
412 985 522 1041 eontra
554 999 643 1058 quem
672 983 730 1042 iste
752 983 891 1044 Psalmus
921 984 1088 1063 invehitur,
1123 983 1196 1054 ideo

276 1063 385 1125 habuit
410 1063 595 1124 novaculam
622 1071 742 1126 acutam
774 1073 805 1126 et
826 1067 1123 1146 penetrantissimam
1146 1088 1194 1128 us-

278 1165 339 1225 que
362 1144 401 1206 ad
422 1149 653 1226 persuasionem
674 1147 856 1210 detractoris
879 1150 1023 1230 linguam,
1047 1149 1130 1228 quod
1153 1151 1196 1210 vi-

277 1229 317 1290 de
354 1228 487 1290 tDavid
509 1229 590 1310 apud
618 1231 797 1293 sacerdotes
826 1243 857 1292 et
884 1252 981 1312 panes
1007 1238 1040 1292 et
1059 1233 1195 1313 gladium

277 1249 451 1390 eisdam,
487 1315 565 1374 siout
597 1313 709 1394 legitur
744 1319 768 1378 1.
793 1316 867 1395 Reg,
891 1318 927 1378 21
951 1324 983 1375 et
1003 1319 1053 1378 22.
1076 1335 1102 1376 o.
1145 1315 1196 1376 Ex

277 1397 388 1474 quibus
420 1397 582 1476 arguebat,
613 1397 697 1474 quod
731 1400 897 1459 coniurant
917 1397 1098 1458 Abimeleeh
1125 1418 1193 1459 eum
1260 1466 1264 1470 ,

276 1478 378 1539 David
402 1487 511 1540 eontra
521 1479 654 1542 Saulem.
674 1477 679 1484 '
697 1479 787 1541 Unde
808 1481 917 1542 dieitur
938 1483 996 1559 hio,
1019 1481 1102 1559 quod
1122 1481 1194 1542 ideo

275 1563 334 1622 fuit
356 1570 467 1642 potens
488 1564 520 1622 in
542 1564 710 1642 iniquitate,
732 1565 751 1625 i.
766 1562 803 1624 ej
816 1565 988 1644 praevaluit
1008 1563 1194 1643 persuadere

276 1651 310 1705 et
330 1664 395 1706 non
418 1645 559 1706 obtusam
582 1646 718 1726 linguam
740 1647 854 1708 habere
875 1647 981 1725 debet,
1013 1647 1102 1724 quasi
1130 1653 1194 1706 tan·

233 1777 236 1784 ,
276 1727 438 1788 tummodo
453 1728 569 1789 lambat
581 1728 629 1807 ¹¹),
641 1729 696 1788 sed
707 1732 885 1790 acutissime
901 1731 1047 1791 excitavit
1057 1729 1192 1791 Saulem.

275 1811 375 1871 Simili
397 1811 491 1872 modo
513 1811 603 1890 zita,
631 1819 665 1872 ut
685 1812 899 1892 Mephiboseth
921 1831 994 1874 vere
1014 1821 1046 1873 et
1066 1811 1193 1874 eredibi-

276 1894 349 1956 liter
371 1893 513 1955 odiosum
540 1895 673 1974 moeret,
702 1895 794 1956 dixit:
837 1896 916 1956 Eum
943 1896 1074 1974 dixisse,
1101 1895 1193 1957 hodie

274 1979 417 2038 restituet
428 1977 538 2038 domus
551 1978 645 2038 lsrael
656 1998 784 2057 regnum
806 1982 900 2058 patris
924 1981 984 2040 mei
1004 1980 1088 2056 mihi,
1110 1979 1193 2057 quod

273 2061 332 2121 fuit
362 2060 453 2121 valde
485 2061 664 2140 verisimile,
698 2063 771 2141 quia
804 2062 861 2122 luit
888 2081 986 2142 nepos
1015 2061 1129 2139 Saulis,
1162 2068 1194 2122 et

273 2144 448 2223 praevaluit
458 2143 543 2221 ziba,
567 2151 597 2204 et
618 2143 747 2206 eredidit
757 2144 858 2204 David
871 2145 969 2206 male.
1011 2145 1058 2206 lta
1078 2144 1193 2205 faciunt

273 2225 431 2286 maledieti
442 2227 486 2286 illi
498 2226 717 2288 furiosissimae
730 2228 840 2288 Furiae
857 2228 1008 2306 omnibus,
1020 2227 1130 2306 quibus
1142 2227 1192 2288 de·

272 2309 413 2389 trahunt,
435 2315 469 2370 ut
488 2309 538 2374 Ps.
562 2311 637 2375 100:
667 2311 886 2374 Detrahentem
908 2317 1027 2372 seoreto
1048 2311 1191 2390 proximo

272 2412 331 2455 suo
354 2394 436 2453 hune
457 2394 672 2474 persequebar.
715 2395 777 2457 Sed
803 2396 864 2457 heu
891 2414 973 2455 nuno
1002 2395 1063 2454 hoe
1085 2396 1190 2461 vitium

270 2476 380 2555 fuerit,
413 2484 445 2537 et
470 2496 525 2557 per
551 2495 659 2538 omues
687 2479 838 2539 eeclesiae
863 2478 982 2558 plateas
1006 2483 1037 2536 et
1059 2477 1191 2557 angulos

271 2558 459 2621 horribiliter
480 2567 644 2641 grassatur,
667 2569 698 2621 et
721 2569 835 2641 quanto
863 2562 980 2621 altioris
1002 2558 1117 2620 ordinis
1138 2559 1191 2619 ho·

271 2644 383 2722 nunes,
405 2650 491 2703 tanto
513 2643 633 2705 foedius
656 2651 688 2705 et
707 2644 831 2705 liberius
849 2663 919 2704 sese
935 2645 1098 2718 incestant.
1129 2641 1191 2703 Sed

272 2726 371 2786 nolite
398 2728 486 2805 sequi
517 2745 588 2804 eos,
621 2728 682 2787 sint
709 2728 839 2807 praelati
860 2729 953 2787 vestri
975 2725 1094 2804 officio,
1128 2745 1191 2787 uon
1254 2778 1258 2791 .

270 2810 428 2889 exemplo.
472 2808 518 2870 Sit
543 2816 644 2881 autem
674 2810 849 2890 exemplum
871 2809 1127 2890 prudentissimae
1148 2809 1189 2869 le·

270 2894 376 2951 minae
397 2892 548 2969 Monieae,
571 2891 610 2953 de
631 2912 693 2972 qua
713 2894 819 2954 seribit
839 2893 919 2953 lilius
943 2894 1008 2953 eius
1030 2893 1065 2954 Β.
1088 2892 1190 2973 Augu·

270 2976 371 3035 atinus
397 2976 428 3034 in
452 2974 609 3053 confess,
643 2977 725 3055 qnod
756 2976 956 3037 admirandae
987 2976 1104 3055 gratiae
1135 2976 1192 3035 fuit

270 3066 382 3118 eontra
397 3059 458 3119 hoo
471 3058 585 3119 malum
606 3059 685 3119 inter
705 3061 846 3120 homines
869 3060 1115 3122 nocentissimos.
1139 3060 1190 3130 sie

269 3148 402 3202 monent
422 3141 531 3203 Esaias
555 3161 581 3205 o.
603 3144 632 3205 2.
654 3149 685 3203 et
706 3143 808 3203 Mieha
829 3162 855 3203 e.
873 3146 902 3205 l.
925 3141 1105 3207 Conflaruut
1124 3141 1189 3221 gla-

271 3223 341 3285 dios
363 3243 437 3285 suos
459 3226 490 3285 in
512 3242 653 3285 vomeres
676 3234 708 3286 et
728 3226 854 3286 lanoeas
875 3245 946 3289 suas
967 3226 999 3285 in
1016 3224 1122 3301 lalees,
1144 3224 1188 3283 illi

270 3314 376 3368 autem
403 3315 511 3367 eontra
536 3308 655 3389 linguas
684 3308 781 3370 malas
809 3316 840 3369 et
865 3316 1015 3369 nocentes
1035 3309 1067 3366 in
1089 3305 1187 3368 bonas

271 3398 303 3451 et
324 3391 427 3453 utiles.
893 3431 897 3434 -

354 3473 415 3535 Sed
437 3492 520 3533 nuno
541 3492 647 3534 eorum
671 3475 888 3535 exeusationes
916 3472 1084 3535 videamus.
1127 3473 1187 3531 Pri·
1218 3466 1271 3551 ’χ

270 3576 354 3617 mum
376 3555 500 3636 qnando
523 3556 687 3618 detrahunt
709 3556 824 3637 dieunt,
846 3576 909 3617 non
931 3556 991 3617 hoe
1002 3555 1083 3632 dieo,
1105 3554 1187 3633 quod

270 3642 299 3699 ei
321 3639 485 3701 detrahere
505 3640 616 3718 velim,
646 3640 723 3704 millo
742 3640 799 3718 lom
820 3642 890 3716 aiot
909 3641 1068 3718 noqqeloqt
1089 3639 1188 3715 buben.

270 3722 307 3784 Hi
332 3730 405 3785 sunt
425 3722 565 3783 rhetores
585 3722 674 3802 belli,
702 3726 753 3803 qai
780 3724 886 3783 eolore
906 3722 1059 3783 rhetorico
1081 3719 1111 3781 id
1135 3740 1185 3781 ne·

326 3912 357 3981 ⁸)
378 3913 409 3965 In
432 3892 557 3981 margine
581 3912 636 3965 MSi
665 3912 834 3981 adscriptum
862 3917 905 3965 eet
932 3908 1083 3976 sculpat,
1113 3907 1187 3976 quod

271 3988 361 4053 aptius
380 3992 471 4041 sonet.

297 4078 389 4120 ιαῐὴετί
402 4089 454 4129 opp.
468 4080 495 4122 V.
509 4078 536 4120 Α.
550 4078 579 4119 sd
592 4079 633 4119 ret.
647 4078 696 4117 hist.
711 4079 725 4119 l.
739 4088 761 4127 p.
776 4076 825 4120 Vol.
839 4076 858 4115 1.
959 4074 979 4139 ss
1069 4047 1075 4056 ’

1001 4169 1014 4205 Ι
