3075 4750
598 509 625 550 a.
646 495 714 552 ists
731 494 828 552 babiti.
1108 491 1170 560 129

214 684 222 702 ·
244 664 292 719 est
313 657 432 740 duplex
452 649 588 740 maluin,
618 681 662 723 so.
691 663 757 723 sitis
778 681 878 742 aquae
900 661 985 724 velut
1020 662 1171 743 originale

246 742 372 820 malum,
394 750 428 803 et
448 745 518 823 ipsa
538 744 647 806 bibitio
669 746 836 825 quentilla
857 747 924 807 sitis
947 743 1078 824 inducit,
1110 747 1170 806 nisi

178 823 185 834 '
241 826 421 904 resistatu13
454 828 500 887 sie
518 835 567 888 est
586 829 619 890 in
640 829 731 890 nobis
753 828 905 910 originale
927 827 1057 907 malurn,
1085 827 1170 907 quod

243 907 282 966 ad
304 908 492 989 superbiam,
515 910 676 989 luxuriam,
698 910 812 992 gulam,
834 913 912 973 iram
930 911 1069 988 inclinat,
1084 911 1170 974 velut

243 991 351 1051 inuata
371 991 476 1053 febris.
505 993 595 1054 Nune
616 1000 688 1055 suut
708 994 805 1073 multi,
828 995 880 1074 qui
902 993 1003 1056 solum
1016 993 1056 1054 ad
1072 1012 1170 1074 opera

242 1073 408 1153 superbiae
428 1076 613 1156 respioiunt,
642 1095 705 1137 non
734 1077 775 1137 ad
803 1079 902 1158 ipsam
926 1076 1100 1157 superbiam
1121 1097 1168 1137 ra-

243 1156 378 1218 dioalem
401 1163 433 1222 et
459 1160 660 1239 originalem,
694 1179 787 1239 quam
816 1181 855 1221 ex
876 1159 977 1222 Adam
1009 1159 1169 1239 habemus,

152 1298 153 1319 ,
242 1258 336 1318 quam
369 1239 508 1302 Christus
541 1261 598 1322 per
629 1244 759 1324 gretiam
794 1262 880 1304 suam
911 1259 1020 1303 sanare
1054 1244 1167 1322 eoepit.

242 1321 329 1382 Siout
362 1323 390 1382 si
423 1322 601 1386 febricitans
623 1326 724 1388 solum
745 1326 785 1387 de
808 1326 956 1404 bibitione
984 1343 1084 1404 aquae
1114 1325 1168 1387 do-

241 1404 331 1482 leret,
366 1424 436 1466 oum
453 1409 557 1486 potius
580 1408 687 1470 dolere
708 1408 837 1470 deberet
871 1409 919 1469 de.
938 1410 988 1469 siti
1009 1407 1109 1469 febrili
1130 1428 1169 1470 ao

240 1489 311 1567 ipsa
333 1487 428 1569 febre,
450 1508 511 1551 neo
530 1492 701 1571 quiesoore,
724 1492 825 1553 donee
846 1493 915 1572 ipsa
937 1497 1114 1570 sanaretur,
1136 1497 1168 1552 et

219 1572 287 1631 0sie
304 1590 364 1652 per
384 1591 420 1632 se
441 1582 580 1636 oessaret
600 1575 667 1641 sitis
689 1581 721 1635 et
741 1574 872 1636 bibitio:
895 1575 939 1634 ita
960 1593 1018 1634 nos
1043 1592 1167 1654 semper

240 1673 355 1735 aegros
376 1673 549 1736 agnosoero
571 1663 603 1718 et
622 1677 759 1738 gemere,
789 1657 872 1738 quod
902 1657 979 1718 tales
1000 1675 1105 1716 sumus
1127 1655 1166 1716 ad

240 1737 429 1819 superbiam,
447 1740 525 1802 iram
548 1746 618 1820 ese,
641 1748 676 1802 ut
695 1742 757 1801 sito
779 1741 817 1802 ab
840 1760 878 1801 aa
897 1738 1090 1820 aegritudine
1108 1740 1167 1800 ori-

239 1821 339 1900 ginali
368 1840 562 1903 sanaremur,
598 1822 699 1885 donee
731 1842 796 1886 non
828 1823 998 1884 delectaret
1025 1841 1165 1903 peooare.

239 1903 332 1964 Nune
353 1911 467 1985 antem,
488 1907 574 1967 velut
592 1907 669 1967 nihil
689 1907 811 1987 peooati
825 1907 864 1966 sit
884 1907 916 1966 in
938 1905 1038 1984 nobis,
1067 1907 1166 1966 seouri

239 1987 322 2047 imus
344 1987 490 2067 operibus
513 1996 630 2050 tanturn
652 1990 806 2069 oooupati,
838 1988 948 2068 quibus
970 1986 1164 2050 cessantibus

240 2087 400 2130 cessamus
423 2071 547 2151 lugeret
572 2071 643 2134 ideo
675 2091 799 2152 semper
830 2079 862 2132 et
894 2072 990 2158 toties,
1017 2070 1165 2132 recidiva

239 2171 318 2214 mus.
364 2152 498 2214 Secundi
519 2156 612 2235 igitur
633 2164 719 2235 sunt,
748 2156 799 2233 qui
822 2155 900 2215 haee
920 2153 983 2214 iam
1005 2152 1089 2214 diota
1109 2155 1165 2214 soi·

238 2243 303 2314 unt,
338 2242 374 2296 ut
393 2236 494 2297 David
524 2238 604 2299 Psal.
631 2240 689 2302 32:
724 2239 826 2316 Beati,
862 2257 990 2318 quorum
1018 2237 1165 2298 remissae

238 2326 311 2379 snut
331 2318 524 2400 iniquitates„
542 2329 573 2382 et
594 2340 723 2401 quorum
740 2327 823 2389 teoto
842 2326 1073 2417 suntpeooata,
1094 2319 1165 2381 bea-

238 2409 287 2463 tus
308 2403 366 2482 vir,
389 2404 438 2464 oui
458 2423 522 2465 non
554 2406 718 2486 imputavit
748 2406 899 2465 Dominus
922 2410 1085 2485 pensatum
1106 2420 1166 2462 neo
1269 2459 1271 2467 ,

238 2492 286 2546 est
306 2487 340 2545 iu
363 2487 472 2566 spiritu
493 2488 559 2549 eins
587 2489 687 2549 dolus.
728 2488 767 2548 Hi
795 2508 857 2551 non
879 2506 935 2547 sua
956 2486 1158 2566 poenitentia,

239 2568 292 2629 sed
315 2569 377 2629 Dei
398 2571 499 2650 gratia
518 2578 681 2650 peecatum
704 2572 805 2632 sanari
828 2569 996 2647 oonfiduut,
1026 2567 1109 2647 quod
1130 2568 1162 2628 in

238 2650 385 2714 Hebraeo
409 2652 568 2733 eleganter
589 2655 778 2735 exprimitur,
800 2654 913 2715 Beatus
934 2650 1012 2712 tiens
1034 2651 1164 2728 levatus,

238 2742 349 2796 eontra
381 2733 459 2795 fieus
493 2744 620 2817 opertus
653 2743 799 2817 peooato,
833 2737 941 2798 beatus
963 2734 1067 2811 homo,
1100 2754 1163 2795 non

239 2818 405 2898 imputabit
424 2818 575 2879 Dominus
597 2821 627 2881 ei
654 2826 832 2900 peecatum,
866 2816 950 2899 quod
980 2817 1054 2879 dioit
1085 2815 1163 2877 fiens

194 2932 209 2947 ·
240 2900 373 2980 levatus,
396 2901 550 2982 intelligit,
571 2902 655 2982 quod
677 2903 801 2983 passive
823 2922 857 2963 se
878 2902 972 2963 habet
992 2900 1031 2960 ad
1059 2897 1162 2961 deleu-

239 2982 311 3043 dum
332 2991 473 3064 pennata,
494 3004 559 3047 non
580 2987 664 3047 euim
679 2987 731 3065 ait,
751 2987 804 3065 qui
826 2985 909 3047 leiat
936 3003 970 3045 se
989 3004 1009 3043 a
1025 2983 1162 3059 erimine,

239 3067 292 3128 sed
315 3068 370 3146 qui
384 3066 512 3148 levatur,
534 3070 613 3129 etin
635 3087 674 3130 eo
689 3069 836 3149 iutelligit
854 3068 985 3144 actuale,
1009 3065 1093 3145 quod
1117 3072 1164 3127 est

239 3152 372 3229 erimen,
409 3169 471 3229 quo
498 3154 627 3231 quisque
654 3150 737 3213 oadit
759 3171 814 3231 per
836 3170 869 3211 se
890 3152 1001 3230 ipsum.
1043 3147 1164 3209 Deinde

239 3231 315 3294 liene
338 3242 476 3313 opertus,
498 3235 560 3296 hoo
582 3241 638 3313 est,
660 3236 715 3314 qui
734 3236 870 3315 operitur
891 3235 921 3293 in
952 3238 1099 3315 pensato,
1132 3238 1164 3293 et

240 3318 441 3395 anemonen,
459 3324 493 3377 nt
513 3318 676 3399 aegritudo
698 3318 838 3395 sanandi,
869 3324 971 3377 tamen
994 3316 1162 3395 ignoratur,

239 3394 302 3459 iton
323 3402 510 3480 imputatur,
532 3408 566 3461 ut
586 3407 686 3462 totum
707 3407 842 3461 sanetur.
884 3400 1067 3460 Peeoatores
1098 3414 1161 3457 uon

240 3482 304 3543 odit
325 3482 422 3562 Deus,
443 3483 499 3544 sed
520 3485 652 3563 iniquos.
695 3484 779 3543 'I'alis
808 3484 899 3564 igitur
927 3481 1026 3542 homo.
1051 3479 1161 3539 beatus

240 3573 300 3645 est,
332 3566 408 3645 quia
441 3565 512 3626 bulo
532 3567 592 3628 soli
612 3587 675 3628 non
697 3568 829 3647 imputat
848 3566 1055 3643 iniquitatem,
1094 3580 1163 3621 oum

152 3683 153 3694 κ
240 3650 349 3710 oeteris
374 3649 517 3710 omnibus
530 3652 669 3729 imputet,
690 3668 749 3710 neo
770 3655 819 3710 est
838 3650 869 3709 in
894 3666 1000 3709 eorum
1022 3644 1160 3705 interiori

240 3739 271 3791 et
290 3733 399 3813 spiritu
423 3732 523 3813 dolus,
545 3735 597 3812 qui
628 3733 809 3813 hypocritae
837 3738 954 3793 tantum
984 3728 1066 3788 foras
1095 3745 1162 3807 spe·
1268 3730 1271 3737 “

241 3815 316 3876 oiosi
344 3821 377 3875 et
404 3816 493 3892 iusti,
526 3817 608 3876 intus
635 3814 828 3897 aegritudine
849 3809 1001 3896 protunda
1023 3808 1162 3870 vulnera-

239 3898 348 3957 tissimi
371 3905 404 3959 et
424 3898 597 3979 aegerrimi.
638 3898 734 3959 Tertii
755 3899 808 3977 qui
831 3898 931 3957 solunt
956 3894 1017 3953 hoo
1047 3891 1161 3953 malum

240 3998 328 4043 suum
350 3989 382 4041 et
402 3981 509 4042 in-illo
532 3981 741 4061 delectantur,
773 3982 830 4042 hos
860 3998 923 4039 non
945 3976 1056 4045 esteris
1080 3994 1162 4037 oom-

265 4086 358 4127 lutheri
372 4097 425 4137 opp.
439 4087 507 4129 m.
521 4088 603 4128 adrat.
618 4088 668 4127 hist
682 4088 697 4127 l.
711 4098 733 4135 p.
747 4086 797 4156 Yol.
811 4085 829 4123 Ι.
932 4080 968 4147 9.
