3075 4750
604 492 635 532 a„
651 476 721 534 ibib
736 477 835 536 hairu.
1132 481 1193 549 117

262 649 337 706 sunt
353 644 441 707 nude
462 647 495 707 in
505 647 606 708 Deum
627 648 828 730 refundenda,
851 651 923 730 quia
943 651 1028 712 solus
1051 653 1119 733 ipse
1138 673 1193 735 po·

262 735 344 808 tans,
365 736 400 790 et
421 730 519 791 solius
540 750 654 792 nomen
676 732 742 792 eius
763 741 903 816 seriptum
926 740 983 795 est.
1024 735 1083 796 Hie
1104 736 1193 798 abno-

260 812 361 872 lntam
385 812 510 874 laudem
531 814 590 874 Dei
611 814 794 877 brevissime
816 818 983 897 expressit,
1006 819 1058 897 qui
1080 826 1192 900 potens

261 903 328 974 eet,
363 896 384 955 i.
409 915 438 957 e.
467 898 520 976 qui
555 896 642 957 solus
666 898 741 959 iaeit
768 906 800 960 at
830 899 925 960 elficit
943 902 1061 962 omniu„
1103 901 1193 964 Unde

260 977 402 1039 Graece:
437 979 524 1040 Ferit
544 979 617 1040 mihi
640 1000 754 1062 magna
776 983 829 1043 ille
850 990 978 1064 potens,
1000 985 1089 1063 quusi
1112 984 1192 1048 diae*

259 1067 319 1140 ret,
341 1061 398 1122 ille
420 1068 567 1142 operator
587 1065 735 1125 omnium.
778 1065 836 1125 Est
857 1067 938 1126 enirn
960 1067 1022 1128 boe
1043 1066 1115 1129 loon
1137 1087 1195 1148 ρος

258 1151 330 1204 tens
359 1143 497 1225 Graece,
525 1145 677 1208 Hebraiee
698 1147 833 1228 Gibbor,
866 1149 950 1228 quod
979 1169 1042 1212 nou
1065 1169 1126 1211 uno
1149 1152 1191 1214 fa·

258 1228 321 1288 eile
351 1228 509 1306 exprimas
538 1230 678 1309 nomine,
706 1230 860 1311 signifieat
888 1251 973 1310 eum,
1002 1233 1053 1312 qui
1074 1235 1192 1313 agitet

258 1317 376 1390 potens
410 1318 458 1372 est
485 1312 516 1372 in
538 1312 664 1392 agendo
682 1319 716 1373 et
734 1313 895 1393 faciende,
930 1315 1013 1394 quod
1035 1317 1191 1378 teutoniae

258 1412 320 1474 ego
355 1392 492 1454 dicerem
521 1395 621 1474 tbitig.
665 1396 740 1456 Vult
768 1416 842 1478 ergo
875 1397 957 1458 idem
981 1398 1084 1458 disere
1107 1398 1189 1478 quod

258 1476 442 1556 apostolus,
477 1477 530 1556 qui
559 1484 704 1557 operatur
730 1481 837 1540 omnia
863 1481 894 1540 in
927 1480 1086 1558 omnibus,
1123 1482 1190 1542 sine

257 1578 322 1638 quo
348 1559 425 1621 nihil
451 1566 604 1640 operatur,
626 1579 702 1642 ergo
723 1561 777 1622 ille
800 1563 884 1623 solus
906 1571 1027 1643 potens.
1071 1562 1190 1625 Alludit
1265 1609 1268 1617 .

257 1650 367 1704 autem
387 1643 476 1723 virgo
497 1643 636 1723 gloriosa
655 1643 695 1704 ed
723 1644 799 1704 illud
827 1646 975 1724 verbum,
1003 1646 1076 1706 feeit
1104 1645 1189 1724 mihi,
1231 1671 1234 1674 ·

257 1725 349 1804 quasi
372 1724 507 1786 dieeret:
541 1727 628 1787 Feoit
647 1726 700 1786 ille
722 1729 775 1806 qui
795 1729 885 1807 iacit,
908 1749 963 1789 seu
984 1728 1037 1790 ille
1059 1729 1187 1808 iaoiens,

256 1811 277 1870 i.
291 1827 321 1884 e.
346 1809 400 1888 qui
414 1809 623 1888 onniersaoit,
645 1810 718 1870 feeit
740 1811 834 1870 etiam
856 1811 930 1872 mihi
953 1812 1040 1889 haee,
1062 1817 1097 1872 ut
1119 1812 1187 1874 sub·

255 1890 426 1972 intelligas,
447 1908 522 1952 vere
541 1893 610 1972 ipae
631 1901 688 1970 ent,
710 1894 762 1972 qui
785 1894 859 1954 fauit
873 1896 979 1955 omnia
994 1895 1090 1972 solus,
1112 1913 1187 1976 qun·

257 1974 355 2036 modo
379 1982 453 2034 tune
473 1980 506 2034 et
523 1974 631 2036 llatth.
647 1978 676 2037 4.
698 1976 852 2036 accedens
878 1984 1021 2056 tentator,
1042 1979 1062 2038 i.
1085 1996 1112 2040 e.
1134 1977 1187 2040 ille

256 2059 309 2136 qui
340 2063 457 2135 tentat,
488 2057 600 2119 Graeci
633 2058 774 2119 eudendo
804 2059 919 2140 aptius,
955 2069 990 2121 ut
1025 2060 1186 2140 spostolus

258 2146 274 2203 1
296 2140 411 2202 Thess.
431 2143 464 2217 3,
496 2160 537 2201 ne
557 2141 636 2201 forte
658 2143 823 2202 tentaverit
843 2161 900 2204 vos
923 2143 975 2224 qui
996 2145 1132 2206 tentati.
1157 2163 1185 2206 e.

257 2231 407 2285 tentator.
451 2222 528 2283 Cum
559 2243 634 2304 ergo
664 2225 760 2285 solius
781 2225 840 2286 Dei
862 2227 923 2289 siut
943 2228 1065 2305 omniu,
1099 2226 1185 2287 solus

256 2307 365 2367 omnia
386 2305 500 2384 faeiat,
523 2306 608 2368 solus
628 2311 758 2387 potens,
780 2309 800 2371 i.
823 2327 850 2370 e.
874 2327 1024 2390 operosus
1047 2307 1183 2389 effeotor,

256 2397 343 2451 eerte
363 2389 450 2449 solus
472 2397 504 2451 et
524 2409 639 2451 nomen
659 2390 763 2452 babet.
806 2392 887 2455 Nam
916 2412 1029 2453 nomen
1057 2392 1186 2453 debetur

256 2474 299 2551 ei,
323 2470 487 2552 qui‘feeit,
510 2492 573 2533 non
595 2474 634 2552 ei,
656 2475 708 2553 qui
730 2494 793 2535 non
816 2475 898 2553 feeit,
920 2474 1036 2553 alioqui
1059 2481 1107 2535 est
1127 2492 1181 2539 no-

254 2574 328 2617 men
351 2574 477 2617 vanum.
520 2556 595 2617 ldeo
618 2556 727 2617 dieitur
749 2565 782 2617 et
807 2566 946 2619 sanetum
967 2557 1181 2634 nomenoius,

254 2638 406 2718 polluitur
425 2657 542 2699 nomen
563 2640 650 2715 eius,
673 2640 698 2700 si
719 2640 815 2701 homo
838 2640 895 2702 sibi
920 2640 1075 2721 quippiam
1098 2658 1180 2701 arro·
1253 2691 1255 2699 ,

254 2730 309 2802 gat
330 2720 372 2780 de
393 2739 490 2801 opere
510 2722 578 2782 Dei.
621 2722 714 2783 Solus
734 2729 853 2802 potest,
882 2725 968 2784 solus
991 2730 1023 2784 et
1043 2723 1180 2784 nomine

255 2814 313 2864 tur.
356 2804 450 2883 Apud
472 2804 628 2865 seoulares
648 2805 800 2884 laudatur,
823 2808 874 2885 qui
896 2807 993 2867 multu
1012 2806 1102 2884 feeit,
1125 2806 1179 2867 sed

255 2886 338 2968 apud
360 2887 480 2965 Deum,
504 2889 558 2969 qui
579 2888 676 2949 multa
696 2891 869 2968 aooeperit,
890 2890 952 2951 imo
976 2891 1001 2950 si
1023 2888 1105 2969 apud
1125 2889 1180 2949 ho-

254 2971 355 3030 miues
376 2969 431 3029 ille
451 2970 608 3048 laudetur,
639 2972 691 3050 qui
711 2971 801 3050 feeit,
830 2992 893 3033 non
915 2979 1018 3033 autem
1039 2972 1109 3048 ille,
1131 2972 1181 3033 oui

254 3052 371 3113 suetum
393 3059 456 3131 est,
480 3071 560 3132 quae
581 3060 629 3114 est
651 3056 829 3134 insipientie
851 3063 957 3116 nostra
978 3062 1041 3117 tem
1063 3054 1179 3133 infelix,

255 3142 289 3197 ut
307 3135 393 3216 apud
414 3136 517 3196 Deum
546 3137 675 3197 velimus
707 3137 842 3216 laudeni,
871 3138 923 3199 ubi
945 3137 1020 3199 nihil
1040 3138 1179 3217 lecimus,
1217 3138 1222 3143 ’

254 3219 311 3279 sed
343 3226 463 3278 tantum
494 3220 563 3299 ipso
592 3222 724 3281 faeiente
752 3222 937 3300 aeoepimus.
987 3221 1083 3302 Igitur
1110 3222 1178 3283 Deo

254 3302 321 3361 laus
344 3309 378 3361 et
397 3301 513 3382 gloria,
542 3302 631 3363 nobis
653 3309 755 3363 eutem
779 3302 953 3382 beatitudo,
975 3304 1064 3365 nobis
1088 3304 1178 3365 bene

255 3383 384 3462 dieitur,
414 3384 504 3447 nobis
524 3386 773 3465 oongratulatur,
804 3386 1031 3468 congaudetur,
1054 3386 1179 3467 applau-

255 3467 335 3528 ditur
356 3469 389 3526 in
418 3485 472 3544 eo,
499 3468 584 3546 quod
605 3468 756 3529 Dominus
784 3469 857 3531 feeit
877 3469 1039 3530 nobiseum
1061 3470 1177 3529 miseri·

255 3550 393 3611 eordiam
415 3568 513 3626 suam,
534 3552 613 3611 sieut
634 3551 673 3612 da
695 3558 804 3613 renota
824 3552 985 3615 Elisabeth
1006 3551 1125 3629 dieitur,
1147 3558 1179 3611 et

256 3632 420 3693 andierunt
439 3632 532 3693 vieini
554 3640 586 3694 et
606 3636 733 3715 cognati
753 3635 837 3710 eins,
870 3641 902 3695 et
922 3632 1177 3715 congratulaban-

255 3723 302 3776 tur
324 3716 364 3794 ei,
386 3716 460 3794 quia
479 3716 552 3777 feeit
564 3717 714 3778 Dominus
734 3718 975 3779 miserioordiam
998 3734 1085 3777 nuum
1108 3734 1177 3775 oum

256 3798 319 3859 illa.
361 3798 409 3858 Itn
430 3798 560 3861 ethaeo
580 3799 673 3861 besta
692 3801 781 3883 virgo
802 3801 869 3861 vult
889 3800 1006 3873 disere,
1035 3817 1104 3859 eum
1125 3818 1177 3859 eu-

257 3880 384 3961 dierint,
413 3881 497 3961 quod
518 3883 667 3944 Dominus
688 3883 761 3943 feeit
784 3883 857 3944 mihi
880 3901 1010 3962 magna,
1042 3896 1104 3941 non
1128 3900 1177 3942 me

257 3963 435 4045 laudabunt,
456 3965 511 4027 sed
530 3965 652 4030 beatam
673 3985 723 4027 me
744 3966 849 4028 dicent
869 3974 901 4027 et
921 3964 1177 4046 congratulabun-
