3075 4750
620 507 646 544 s.
666 491 735 546 1516
752 491 850 546 ιιιιιιι.
1110 473 1201 554 '143
1292 525 1294 533 «

279 659 404 740 adeptis
428 659 534 736 (velut
553 659 584 718 in
607 679 687 719 nave
708 659 818 738 positis
838 658 991 740 piscibus)
1026 657 1145 743 vehitur
1171 660 1202 718 in

278 743 338 804 boo
359 742 494 818 mundo,
511 744 587 801 mari
609 744 754 821 maximo,
777 750 808 802 et
828 741 888 802 illis
910 741 1024 801 fruitur.
1068 741 1202 802 Hocre-

278 825 420 906 linquere
442 845 519 905 ergo
547 834 595 885 est
623 827 701 894 retia
727 825 917 904 relinquere,
953 823 1053 884 studia
1080 823 1202 884 illorum

278 907 543 987 quaerendorum,
573 908 657 986 quod
683 916 787 968 tamen
809 927 878 968 raro
901 907 944 968 fit.
987 907 1106 968 Navem
1127 926 1200 969 vero
1261 978 1266 982 ,

277 991 454 1070 relinquere
470 997 519 1051 est
539 997 572 1051 et
591 990 735 1051 affectum
757 1010 865 1051 eorum
886 991 1059 1068 relinquere
1081 996 1112 1051 et
1132 991 1202 1050 frui-
1290 1029 1291 1032 =

277 1075 405 1137 tionem.
449 1068 528 1133 Nem
551 1080 583 1134 et
609 1076 688 1154 pigri
714 1093 752 1133 ec
779 1073 919 1152 delicati,
947 1075 1039 1134 etiam
1071 1073 1202 1154 prodigi,

277 1157 354 1216 baec
374 1158 456 1217 retia
476 1176 539 1217 non
561 1166 668 1218 curant
689 1176 727 1216 ac
746 1157 938 1236 relinquunt,
975 1155 1029 1216 sed
1061 1175 1124 1217 non
1149 1175 1201 1216 aa

276 1259 361 1300 rem:
386 1241 451 1299 imo
474 1241 601 1320 cupiunt
620 1241 700 1300 elios
721 1260 778 1319 pro
802 1259 835 1300 se
857 1241 982 1319 piscari,
1015 1245 1048 1298 ut
1068 1241 1126 1318 ipsi
1148 1241 1200 1299 im-

276 1323 430 1402 pleantur.
474 1321 635 1396 Quamdiu
647 1325 752 1401 itaque
775 1342 829 1384 cor
849 1325 881 1382 in
902 1323 967 1382 istis
990 1322 1200 1401 corporalibus

276 1414 307 1465 et
326 1405 502 1466 visibilibus
524 1407 614 1484 vivit,
643 1425 706 1466 non
727 1412 831 1485 potest
852 1407 956 1466 vivere
978 1406 1007 1462 in
1032 1403 1108 1484 lide,
1131 1425 1200 1465 cum

276 1491 316 1548 sit
326 1488 523 1568 impossibile
536 1489 628 1549 simul
639 1489 753 1548 habere
764 1509 829 1548 rem
842 1487 981 1548 etfidem.
995 1487 1097 1560 Quare
1111 1507 1199 1567 opor-

276 1578 320 1631 tet
342 1591 409 1631 rem
427 1571 560 1650 relinqui
575 1572 614 1631 ab
632 1591 682 1651 eo,
698 1572 830 1650 quivult
846 1571 940 1631 eorde
953 1570 1088 1648 credere,
1108 1571 1200 1631 corde

275 1655 402 1734 inquam
434 1654 582 1733 relinqui,
609 1674 673 1715 non
700 1674 846 1734 corpore:
882 1673 951 1714 narn
975 1661 1106 1732 corpore
1137 1673 1200 1713 non

276 1737 428 1817 ereditur,
462 1737 517 1796 sed
545 1736 647 1797 eorde.
690 1739 736 1798 lta
764 1739 856 1798 etiarn
884 1757 948 1814 non
981 1735 1201 1816 derelinquitur

276 1840 324 1879 res
347 1839 495 1899 corpore,
517 1820 573 1880 sed
593 1819 704 1880 affectu
726 1828 758 1880 et
779 1820 881 1881 corde.
925 1820 976 1880 Sic
1004 1839 1078 1899 ergo
1112 1822 1199 1880 navis

276 1922 348 1963 cum
371 1902 488 1962 retibus
510 1902 744 1981 derelinquitur,
778 1903 855 1964 fides
886 1905 965 1962 enim
990 1910 1021 1963 et
1041 1904 1198 1982 possessio

276 1988 320 2045 sic
342 1985 501 2062 differunt,
525 1985 608 2064 quod
629 1987 682 2046 illa
704 1987 743 2046 sit
764 1986 987 2066 sperandorum
1010 1993 1126 2046 elnon
1147 2006 1199 2066 ap·
1297 1983 1301 1990 '

255 2071 463 2148 parentium,
496 2070 556 2129 ista
586 2089 660 2130 vero
691 2071 898 2150 praesentium
931 2077 961 2128 et
987 2071 1198 2148 apparentium

274 2172 375 2212 rerum
398 2151 586 2229 substantia,
614 2152 758 2230 quamdiu
781 2154 862 2212 enim
886 2172 940 2212 cor
960 2151 1076 2231 aliquid
1097 2151 1199 2230 habet,

275 2254 335 2314 quo
360 2242 524 2314 praesente
547 2235 685 2314 quietum
714 2242 775 2314 est,
805 2243 835 2294 et
864 2235 992 2296 absente
1020 2236 1198 2313 inquietum,
1258 2255 1263 2264 “

275 2318 376 2378 adhuc
403 2337 466 2379 non
494 2317 588 2378 habet
612 2317 720 2396 fidem,
757 2318 813 2379 scd
843 2337 921 2397 rem,
956 2337 1024 2379 curn
1057 2325 1201 2397 oporteat

276 2402 420 2461 omnibus
442 2400 559 2461 relictis
580 2402 612 2460 in
634 2402 781 2463 invisibili
803 2402 967 2463 confidere.

356 2483 478 2545 Idcirco
501 2483 682 2545 difficillima
702 2504 751 2545 res
776 2492 823 2545 est
844 2504 919 2545 crux
941 2491 972 2543 et
994 2485 1131 2543 omnium
1153 2504 1198 2543 re-

276 2567 362 2627 lictio
385 2576 417 2627 et
439 2566 525 2630 fides.
567 2566 652 2647 (trus
673 2570 754 2628 enim
778 2579 839 2647 est,
873 2586 969 2646 quaec
996 2566 1078 2625 hune
1099 2586 1200 2626 rerum

274 2649 420 2711 affectum
442 2649 620 2729 mortificat,
653 2657 688 2711 ut
706 2653 811 2711 omnia
838 2650 1004 2729 relinquat,
1039 2649 1093 2709 scd
1122 2648 1199 2711 fides

276 2731 493 2793 mortificatum
525 2734 656 2794 sustinet
684 2736 752 2813 aliis
781 2734 888 2813 rebus,
921 2752 1000 2813 quae
1022 2752 1084 2795 nou
1107 2732 1199 2812 videt,

274 2836 332 2875 nec
357 2817 521 2895 experitur.
562 2816 694 2877 Tannum
718 2837 793 2897 ergo
817 2819 927 2879 crescit
947 2816 1024 2876 fides
1047 2824 1078 2876 et
1097 2816 1199 2877 decre-

275 2900 343 2974 scit,
368 2906 514 2977 quentum
530 2898 582 2959 ille
596 2898 723 2960 affectus
740 2902 852 2960 crescit
868 2907 900 2963 et
920 2900 1079 2961 decrescit.
1123 2900 1201 2961 Sunt

274 2984 358 3041 euim
380 2983 412 3040 in
433 2990 539 3041 mutua
559 2982 652 3060 libre,
681 2989 798 3043 tanturn
823 2985 903 3051 enim
926 2990 1077 3063 augentur
1098 2986 1200 3045 invisi·

274 3064 358 3143 bilis,
380 3071 528 3143 quantum
547 3066 721 3125 minuuntur
742 3066 882 3141 visibilie‘,
906 3067 1006 3127 donec
1029 3068 1133 3127 omnia
1154 3088 1199 3129 re·
1298 3130 1299 3133 ,

274 3148 466 3226 linquantur,
496 3155 529 3207 et
558 3149 636 3209 haec
668 3155 716 3209 est
738 3149 814 3209 fides
838 3151 981 3229 perlecta.
1024 3149 1098 3211 Ideo
1124 3153 1200 3211 mira

274 3238 323 3290 est
345 3232 477 3309 iustitia,
500 3250 579 3309 quee
601 3238 649 3291 est
671 3252 710 3292 ex
732 3232 812 3311 fide,
836 3234 906 3311 quie
929 3253 991 3293 nou
1014 3231 1115 3295 reddit
1136 3254 1199 3295 orn·

273 3314 364 3373 uibus
386 3313 506 3390 debita,
532 3313 586 3373 sed
608 3314 752 3393 relinquit
775 3318 880 3383 omnic
902 3323 932 3375 et
954 3315 1035 3376 cedit
1057 3316 1198 3378 omnibus

274 3396 432 3470 bonis*).
476 3396 508 3456 Si
537 3398 618 3457 enirn
653 3399 795 3459 omnibus
827 3402 931 3460 omnia
957 3398 1085 3459 reddere
1108 3399 1198 3459 deba·

274 3499 353 3557 mus,
374 3479 443 3539 Deo
465 3499 525 3539 nec
546 3499 601 3559 pro
626 3482 715 3540 unius
737 3482 833 3543 borae
854 3484 917 3543 vitc
934 3482 1111 3543 satisfacere
1127 3501 1197 3559 pos-

273 3581 393 3621 semus:
430 3562 502 3622 ideo
537 3582 599 3623 non
630 3564 740 3625 melior
761 3567 893 3643 iustitia,
930 3584 1021 3646 quam
1043 3564 1135 3635 haec,
1166 3572 1198 3625 ut

274 3644 417 3706 omnibus
448 3645 609 3705 cedamus:
644 3653 717 3706 tune
745 3648 837 3709 nullis
864 3666 1056 3709 remanemus
1080 3646 1197 3706 debito·

273 3748 339 3807 res,
362 3727 507 3807 quamdiu
528 3734 630 3788 sutem
653 3729 767 3809 aliquid
789 3733 821 3791 in
845 3731 956 3791 affectu
978 3735 1099 3806 menet,
1122 3736 1196 3787 tam·

275 3811 324 3870 diu
345 3812 475 3889 inquieti
497 3831 609 3871 sumus.
653 3812 735 3873 Oitat
761 3816 842 3874 enim
866 3821 898 3873 et
919 3816 1101 3872 monetans
1124 3830 1195 3871 con·

329 3984 359 4052 ')
384 3983 515 4053 Cogitate
533 3985 781 4051 praestantissima.
