3075 4750
260 480 394 547 Quaestio
403 479 438 535 de
450 482 555 535 viribus
568 486 596 536 et
606 481 749 535 voluntate
759 482 882 539 hominia
894 484 954 537 sine
967 484 1064 553 gratia
1119 480 1182 549 233

257 649 325 728 ipsa
352 667 394 708 ex
422 669 473 713 me
497 669 561 713 non
589 656 638 713 est
663 642 760 731 fae‘ta,
789 648 844 711 sed
866 649 906 711 Μ.
927 647 1182 713 Bartholomaeus

258 750 325 791 eam
349 732 580 811 aioeonflarit,
616 733 736 795 seilioet
755 739 857 795 motus
880 732 1099 795 oblatratorum
1121 732 1181 795 leo·

258 814 377 875 tionum
390 813 527 877 mearum
541 814 666 897 garritu.
699 817 806 897 ltaque
818 814 900 893 feeit,
921 822 955 876 ut
968 816 1060 877 stiam
1078 822 1182 897 (prae-

258 903 304 957 ter
326 896 465 961 ordinem
496 919 552 961 me
573 895 857 980 praesidente)
881 898 1004 979 publioe
1024 898 1103 961 haee
1123 898 1181 963 dis·

259 986 435 1042 rotarentur
455 981 496 1043 ad
519 981 738 1043 obstruendum
760 1000 816 1045 ora
838 982 1045 1062 garrientium,
1071 980 1120 1043 uel
1141 979 1181 1045 ed

261 1061 446 1125 audiendum
466 1064 609 1126 iudieinm
632 1064 774 1127 aliorum.
810 1062 915 1139 (Luth.
934 1083 1004 1146 epp.
1020 1063 1067 1142 ed.
1086 1063 1181 1127 Auris.

259 1143 287 1223 1,
309 1164 340 1224 p.
363 1149 438 1226 236,
461 1146 501 1207 oe
523 1147 627 1209 waste
648 1147 678 1224 1,
699 1169 730 1229 p.
754 1150 824 1225 34.)

339 1229 438 1290 Huius
477 1229 692 1310 disputationis
736 1230 983 1312 propositiones,
1023 1235 1131 1309 utpote
1164 1249 1183 1291 e

260 1310 383 1373 liutheri
404 1313 589 1375 lectionibus
612 1315 778 1375 maximam
801 1318 919 1395 partem
941 1312 1083 1391 haustas,
1106 1332 1181 1373 nnn·

261 1412 349 1473 quam
378 1414 442 1459 non
470 1395 604 1459 Luthero
636 1398 756 1459 auetori
785 1396 843 1457 riri
871 1395 955 1457 doeti
982 1393 1184 1457 attribuerunt

260 1484 351 1557 atque
370 1480 402 1539 in
422 1478 547 1539 Imtheri
567 1479 682 1560 seripta
702 1479 880 1556 retuterunt,
901 1477 994 1557 idque
1008 1497 1048 1541 eo
1065 1479 1182 1539 maiore

259 1560 333 1638 inre,
356 1560 439 1640 quod
461 1561 610 1623 Lutharua
632 1564 699 1642 ipse
726 1562 815 1623 huius
843 1561 1032 1640 quaestionis
1060 1560 1182 1623 eonolu·

260 1644 362 1704 aiones
384 1652 415 1705 et
436 1644 601 1706 corollaria
622 1646 653 1704 in
676 1645 792 1705 sobolis
805 1643 971 1724 explioavit
984 1651 1015 1705 et
1035 1650 1182 1723 tanquam

260 1743 317 1787 saa
345 1726 499 1804 defendit3
520 1746 579 1788 nee
607 1726 748 1806 deerant,
782 1727 886 1807 quiin
916 1744 954 1789 ea
975 1726 1182 1809 disputatione

260 1808 532 1871 luculentissimam
553 1810 782 1874 reformationis
806 1809 1034 1891 praelusionem
1062 1809 1182 1890 proedi-

260 1899 377 1971 oarent,
406 1892 507 1971 quod,
534 1899 650 1972 quanta
678 1893 808 1954 audaoia
835 1894 895 1954 iem
917 1900 981 1953 tum
1002 1892 1182 1973 Pelagiano-

260 1993 324 2033 mm
355 1995 476 2036 errores
511 1977 706 2056 impugnaret
736 1975 906 2053 Lutherus,
946 1976 1018 2036 inde
1049 1977 1182 2037 maxime

260 2056 355 2118 eluxit
378 2058 433 2133 (oi.
458 2058 605 2119 Riederer
626 2058 832 2121 Naohriohten
861 2078 913 2119 aur
933 2058 1101 2135 Kirehen-,
1122 2058 1182 2134 Ger

205 2176 218 2197 .
259 2139 389 2201 iehrten·
406 2141 467 2201 und
484 2141 792 2222 Bdohargesohiohte.
825 2140 953 2203 Aitdorf
971 2144 1060 2206 1768.
1083 2142 1117 2203 T.
1128 2142 1182 2203 lv.

260 2242 287 2301 p.
304 2226 404 2299 295),
427 2230 459 2285 et
479 2223 562 2302 quod
584 2224 644 2283 ism
667 2230 730 2286 tum
754 2224 862 2285 eadem
885 2224 924 2285 de
948 2239 1038 2287 servo
1055 2224 1180 2287 arbitrio

259 2302 429 2388 proposuit,
452 2325 531 2386 quae
551 2314 662 2387 postea
679 2313 787 2368 oontm
804 2307 966 2369 Erasmum
985 2308 1061 2369 tueri
1081 2306 1181 2367 stude-

259 2387 318 2451 bat.
362 2389 490 2450 Multum
514 2391 680 2456 excitatum
710 2410 781 2452 ease
807 2392 978 2452 mirationis
998 2390 1058 2452 has
1080 2391 1180 2470 dispu-

259 2473 376 2534 tatione
398 2490 491 2551 quom
512 2474 647 2569 maxime
669 2493 796 2534 eernere
818 2473 889 2534 lieet
910 2493 951 2536 ex
972 2471 1181 2553 epistola'Lu·

258 2554 335 2616 theri
358 2554 399 2616 ad
418 2555 555 2638 Largum
579 2575 688 2635 missa,
720 2575 812 2636 quam
843 2556 936 2619 modo
968 2556 1179 2619 laudavimus:

256 2657 314 2697 neo
337 2638 464 2716 mirum,
486 2640 635 2701 auerrima
658 2639 739 2700 enim
753 2639 821 2702 soie
839 2647 901 2700 tum
915 2639 1182 2720 praestantissima
1261 2671 1265 2693 ι

253 2719 511 2782 scholasticorum
533 2721 674 2784 doctrina
697 2729 744 2788 est
765 2723 862 2800 petita
881 2729 975 2801 atque
1000 2722 1181 2802 impugnata

257 2804 311 2871 tei.
348 2824 377 2865 v.
412 2803 440 2863 d.
473 2804 592 2866 Hardtii
629 2803 741 2866 Histor.
781 2805 894 2868 literar.
930 2805 1180 2867 Reformotionis.

255 2885 396 2950 Franeof.
424 2891 517 2965 1717,
541 2888 619 2948 Part
642 2887 703 2966 iV,
725 2907 755 2967 p.
779 2885 829 2969 9).

335 2969 371 3030 Io
394 2968 522 3031 edendis
544 2969 592 3030 hia
614 2969 776 3050 disputatis
804 2989 862 3030 nos
891 2971 1020 3050 primum
1048 2970 1180 3032 reddidi-

255 3071 319 3112 mus
354 3049 641 3125 Quaestionem
670 3054 786 3132 ipsam,
820 3053 919 3133 qualis
957 3054 1111 3116 invenitur
1140 3054 1179 3116 -in

255 3133 391 3195 editione
413 3135 541 3195 tenensi
565 3154 692 3215 operum
714 3134 838 3197 Lutheri
861 3142 892 3196 et
911 3137 941 3196 in
961 3136 1180 3216 antiquissimis
1241 3155 1246 3160 ’

255 3216 504 3298 Propositionum
519 3214 649 3279 ‘Lusheri
671 3217 873 3296 editionibus,
896 3217 1009 3280 deinde
1032 3221 1113 3316 typis
1135 3239 1180 3280 re·

255 3300 418 3377 petivimus
431 3319 508 3379 qnos
521 3299 670 3360 Lntherus
692 3302 720 3361 ei
742 3301 857 3378 sdiaoit
878 3302 1179 3382 explieatrones

255 3401 291 3441 ex
324 3383 500 3462 fragmento
532 3383 729 3461 Lectionum,
763 3384 845 3463 quod
873 3385 908 3444 V.
932 3383 967 3445 E.
991 3384 1179 3446 Lossoherus

255 3484 291 3523 ex
333 3465 446 3526 codiee
487 3467 718 3546 manuscripto,
765 3468 816 3546 qui
857 3488 876 3528 a
917 3467 1050 3529 Luthero
1095 3485 1178 3528 anno

254 3547 375 3608 demum
414 3550 495 3612 1518
536 3548 628 3629 piane
665 3549 824 3610 eonieotus
861 3551 955 3612 fuisse
979 3549 1023 3610 iili
1050 3548 1179 3627 videtur,

255 3631 368 3708 primns
399 3631 430 3690 in
454 3631 554 3691 loeem
576 3631 706 3710 protulit
725 3651 807 3694 anno
836 3637 912 3696 1703
936 3633 966 3690 in
990 3632 1067 3692 libro
1090 3650 1178 3711 ergu-

255 3714 365 3773 mentis
391 3714 524 3794 egregiis
547 3713 807 3793 locupletissimo:
852 3713 1060 3793 Unsehuldige
1077 3712 1179 3774 Noen-

254 3796 371 3858 riohten
397 3815 459 3856 von
481 3795 564 3856 alten
587 3796 649 3856 und
672 3817 772 3858 neuen
799 3796 1032 3876 theologisohen
1057 3794 1177 3856 Saehen

254 3897 283 3955 p·
304 3880 377 3950 243.
410 3880 471 3942 430
499 3887 531 3939 et
553 3882 613 3944 553
641 3898 723 3959 sqq.,
760 3888 791 3942 et
819 3899 900 3940 anno
934 3881 1012 3943 1720
1040 3878 1070 3938 in
1097 3878 1176 3940 libro

254 3960 439 4022 clarissimo:
487 3961 703 4043 Volistttndige
725 3962 1025 4024 Reformationaaota
1048 3961 1137 4024 Tom.
1154 3963 1178 4046 1,
