3075 4750
607 483 641 543 de
659 485 847 560 indulgentiis.
1119 487 1182 558 273

254 654 338 734 quod
355 654 455 718 habes
474 655 606 717 Romam
616 656 647 716 in
655 656 790 724 ιιιιιιιι
802 657 867 718 ιιιι
882 653 1008 736 oppido.
1040 655 1182 720 Ecclesia

254 743 307 798 tua
333 737 449 800 effecta
478 744 527 799 est
556 737 690 800 ecclesia
712 737 816 801 Sancti
836 739 920 800 Petri
947 737 987 799 de
1008 738 1122 820 Roma,
1149 748 1182 802 et

254 820 436 882 sacerdotes
464 822 508 882 tui
537 821 610 882 facti
638 830 709 882 sunt
744 822 972 902 poenitentiarii
1005 787 1179 904 apostolici.

254 901 382 964 Scilicet
399 903 553 966 ecelesiae
569 910 641 964 sunt
656 905 700 966 uti
714 905 788 966 illae
808 911 927 986 septem
945 905 1066 967 Romae
1087 899 1180 986 depu-

253 991 338 1047 tatae
372 1007 431 1068 pro
474 994 672 1068 peccatorum
711 988 849 1051 omnium
886 987 1077 1050 remissione
1127 987 1180 1050 Al-

253 1070 332 1130 taria
354 1067 412 1130 illa
436 1075 557 1151 septem
578 1075 651 1130 sunt
663 1070 758 1132 veluti
769 1070 833 1150 illa,
851 1089 931 1158 quae
943 1071 1035 1130 sunt
1026 1089 1057 1130 ιιι
1070 1078 1179 1132 sancto

252 1151 364 1232 Petro,
395 1151 448 1214 ubi
477 1151 572 1216 habet
559 1159 608 1213 tur
634 1152 774 1233 plenaria
800 1154 952 1214 remissio
1001 1151 1082 1250 Quid
1103 1173 1178 1236 ergo

253 1236 393 1316 cogitas,
429 1235 501 1315 quid
535 1235 638 1296 tardas
661 1236 821 1298 converti?
878 1233 979 1296 Gur
970 1254 1032 1295 ιιιιι
1060 1237 1092 1296 in
1117 1235 1180 1298 hoo

252 1323 398 1414 tempore
430 1319 573 1379 lacrimas
601 1337 665 1380 non
694 1317 825 1380 effundis
851 1338 907 1399 pro
936 1319 1072 1398 peecatis
1099 1319 1179 1380 tuis?

254 1399 358 1460 Cur
349 1419 411 1461 rem
446 1419 553 1462 coram
582 1401 704 1462 vicariis
733 1402 917 1462 sanctissimi
946 1400 1062 1461 domini
1083 1400 1205 1463 nostri·

252 1483 360 1563 Papae
389 1502 452 1544 non
488 1483 677 1544 confiterisl·
719 1483 809 1544 Nune
835 1483 932 1544 habes
962 1480 1137 1563 exemplum
1159 1504 1179 1544 a

252 1565 441 1645 Laurentio,
475 1568 566 1646 quit
553 1565 647 1627 tradit
634 1572 722 1628 ttos
710 1567 881 1641 thesauros
921 1576 998 1644 quos
1035 1563 1179 1647 habebat,

253 1667 364 1709 amore
384 1611 443 1709 Del
464 1648 630 1728 distribuit,
658 1655 690 1710 ιι
711 1668 822 1730 corpus
844 1612 884 1709 ad
905 1647 1072 1710 assandum
1092 1668 1178 1729 prae-

252 1721 340 1794 buit?
390 1732 461 1792 Non
484 1734 568 1812 capis
586 1733 762 1828 exemplum
784 1751 804 1792 a
822 1729 1088 1811 Bartholomaeo,
1113 1731 1179 1794 fite·

251 1815 360 1895 phano
383 1821 414 1874 et
442 1814 510 1874 eliis
541 1815 679 1910 benetie,
711 1817 764 1894 qui
784 1821 915 1875 mortem
935 1812 1179 1876 crudelissimam

252 1898 360 1958 animo
385 1897 491 1958 libenti
512 1917 568 1979 pro
592 1898 714 1958 animae
736 1898 835 1960 salute
857 1897 1029 1959 voluerunt.
1077 1897 1118 1959 Et
1146 1904 1178 1961 tu

252 1999 316 2042 non
341 1979 443 2040 solum
464 1981 625 2042 thesauros
652 1979 806 2058 infinitos,
841 1999 946 2042 verum
967 1981 1061 2041 etiam
1082 1980 1178 2042 modi-

252 2081 323 2124 cam
346 2062 578 2144 eleemosynam
599 2081 663 2124 non
685 2064 845 2144 proponis.
887 2063 950 2142 Ipsi
972 2062 1178 2143 praebuerunt

253 2164 391 2226 corpora
411 2145 451 2207 ιι
473 2152 644 2226 tormenta,
675 2153 708 2208 ιιι
739 2165 814 2208 vero
843 2145 970 2206 delicias
992 2154 1024 2206 et
1045 2145 1178 2208 obleeta-

253 2235 362 2289 menta
380 2249 446 2290 non
468 2227 659 2310 dedignaris:
699 2236 731 2291 tu
760 2229 922 2308 sacerdos,
942 2235 976 2289 ιιι
996 2227 1124 2309 nobilis,
1147 2235 1180 2289 tu

252 2318 454 2393 mercator,t
454 2333 473 2372 u
495 2311 650 2393 mulier,t
651 2332 670 2372 n
691 2313 790 2393 virgo,
812 2320 845 2372 tu
867 2316 972 2393 nupta,
995 2317 1027 2375 tu
1047 2312 1178 2393 iuvenis,

252 2404 285 2457 tu
308 2415 409 2457 senex
429 2396 543 2457 intrare
565 2396 764 2457 eeclesiamt
751 2403 851 2475 tuam,
879 2414 959 2491 quae
985 2402 1019 2455 ut
1045 2394 1110 2455 dixi
1130 2405 1179 2455 est

253 2479 355 2539 sancti
376 2478 469 2559 Petri,
491 2485 523 2539 ιι
543 2480 667 2539 visitare
690 2497 812 2541 crucem
834 2478 1073 2557 sanctissimam,
1094 2497 1174 2559 quae

249 2581 306 2643 pro
330 2568 362 2622 ιι
385 2526 508 2623 ιιιιιιι
528 2550 577 2623 ιιι
584 2581 694 2641 ,quae
715 2562 864 2623 continuo
892 2562 1006 2621 elemat
1027 2566 1059 2621 et
1081 2566 1174 2621 vocat

249 2654 297 2725 te,
331 2644 550 2705 verecundiam
577 2644 673 2705 hebes
703 2646 829 2705 visitare
857 2662 979 2705 crucem
1011 2662 1081 2703 cum
1112 2664 1175 2703 una

250 2726 400 2807 candela,
423 2734 454 2789 ιι
475 2746 538 2789 non
560 2727 776 2789 verecundaris
798 2728 921 2789 ιιιιιιιι
933 2725 1102 2807 tabernam,
1123 2742 1173 2787 ve·

250 2808 430 2871 secundatis
451 2812 497 2871 ire
519 2810 558 2871 ad
580 2808 776 2873 consessores
798 2809 989 2891 apostolicos
1007 2817 1039 2869 ιι
1053 2828 1117 2871 nou
1133 2808 1174 2871 ad

250 2894 394 2955 choreas.
438 2892 623 2973 Considera,
646 2893 729 2972 quod
751 2900 783 2953 tu
806 2911 840 2952 es
860 2894 892 2953 in
913 2892 990 2953 meri
1010 2891 1173 2956 furibundo

250 2976 341 3037 huius
367 2976 492 3056 mundi,
519 2978 552 3036 in
581 2977 675 3037 tantis
703 2975 938 3057 tempestatibus
969 2982 1001 3035 et
1030 2976 1174 3057 perieulis

249 3060 387 3139 positus,
411 3065 443 3119 et
463 3060 599 3140 ignores,
621 3079 660 3119 an
682 3058 722 3119 ιι
743 3066 865 3140 portum
886 3058 1048 3139 pervenire
1069 3058 1174 3121 valeas

250 3140 371 3205 salutis.
422 3142 529 3203 Sciens
566 3140 650 3223 quod
678 3142 784 3202 omnia
811 3143 872 3203 sint
899 3141 1060 3204 hominum
1089 3143 1174 3204 tenui

249 3225 423 3306 pendentia
443 3223 514 3304 filo,
536 3231 567 3287 et
589 3226 689 3287 omnis
710 3226 775 3285 vita
796 3224 904 3285 militie
925 3244 1017 3305 super
1038 3224 1174 3289 terram?

250 3307 420 3369 lllilitemus
443 3327 517 3406 ergo
540 3309 619 3369 sieut
631 3306 811 3369 Laurentius
833 3307 929 3369 etalii
945 3327 1053 3368 omnes
1067 3308 1173 3370 Sancti

250 3411 307 3472 pro
331 3391 433 3452 salute
455 3392 585 3472 animae,
607 3398 639 3453 et
659 3411 722 3452 non
744 3410 801 3471 pro
816 3409 957 3471 corpore,
979 3389 1063 3469 quod
1079 3390 1173 3453 hodie

250 3482 297 3535 est
319 3480 352 3535 et
374 3493 442 3535 cres
463 3494 537 3553 non,
560 3473 643 3555 quod
664 3473 759 3535 hodie
779 3494 898 3553 sanum,
920 3492 987 3535 cras
1007 3472 1172 3553 infirmum,

249 3557 345 3619 hodie
368 3558 481 3637 vivum,
505 3576 572 3619 cras
594 3562 758 3618 mortuum.
791 3556 890 3634 Scito,
903 3554 985 3635 quod
999 3556 1172 3635 quicunque

250 3641 415 3704 coufessus
438 3646 469 3701 et
490 3641 637 3701 contritus
660 3640 891 3720 eleemosynam
913 3637 953 3697 ad
976 3657 1101 3719 capsam
1118 3657 1171 3720 po-

251 3724 363 3802 suerit,
393 3723 481 3785 iuxta
504 3722 665 3785 consilium
688 3723 890 3802 confessoris,
917 3719 1087 3801 plenariam
1109 3742 1172 3783 om·

251 3808 336 3867 nium
359 3813 470 3887 peccet
471 3825 558 3867 orum
580 3826 705 3868 suorum
732 3804 944 3867 remissionem
965 3802 1109 3882 habebit,
1141 3809 1173 3866 et

251 3898 323 3970 post
345 3890 574 3952 confessionem
597 3896 628 3952 et
647 3888 814 3951 iubilaeum
833 3886 920 3948 habit
909 3892 989 3968 tum,
1016 3889 1101 3949 omni
1122 3886 1173 3948 die

251 3971 408 4065 visitando
423 3992 545 4035 crucem
561 3972 722 4053 multaris,
739 3976 945 4051 consequetur
956 3936 1173 4053 iddulgentias,

258 4109 437 4163 Luthsrtopp.
450 4110 477 4153 V.
490 4107 614 4151 sauros.
627 4106 707 4151 hlstl
720 4118 742 4159 p.
756 4107 831 4151 Voll.
923 4105 963 4170 18
