3075 4750
366 456 432 527 248
671 418 809 526 'Quam
829 458 863 511 de
880 458 987 511 viribus

607 656 610 659 ⁴
647 628 918 691 Corollarium
946 626 997 690 ΠΙ.

450 730 517 792 lltsi
547 748 654 792 omnes
683 726 823 791 infideles
844 728 917 789 vani
939 728 1016 808 sint,
1044 726 1088 788 nil
1114 727 1190 789 boni
1219 739 1290 809 ope·
1376 748 1377 785 ι

367 820 490 889 mutes,
528 832 592 875 non
634 820 737 874 tamen
774 811 935 891 aequalem
968 830 1101 893 poenam
1135 811 1292 893 patientur
1376 870 1377 897 ,

368 917 487 960 omnes.

449 977 550 1040 Prima
571 999 643 1060 pars
665 978 754 1039 huius
777 978 933 1040 corollarii
953 984 1040 1060 patet
1061 996 1101 1038 ex
1121 976 1183 1037 illis
1206 982 1291 1037 auto·

366 1062 520 1124 nitatibus:
555 1060 753 1123 Habacucllt
783 1061 887 1123 Justus
903 1082 943 1122 ex
956 1060 1121 1139 fidevivit3
1143 1058 1302 1120 Rebi-,11³
1376 1058 1377 1101 3

368 1144 441 1207 Sine
462 1142 523 1205 lide
543 1143 734 1227 impossibile
756 1150 804 1205 est
832 1144 956 1226 placere
978 1144 1062 1222 Deo,
1093 1143 1233 1204 secunda
1254 1142 1291 1201 si·
1376 1194 1377 1203 ,

368 1228 480 1290 militer
501 1247 540 1289 ex
555 1227 719 1309 apostolo,
739 1228 830 1288 Rom.
852 1227 888 1307 ll,
910 1232 1005 1309 patet,
1027 1226 1079 1287 ubi
1101 1224 1190 1287 dicit:
1214 1225 1290 1287 Cum
1376 1248 1377 1267 ι

368 1316 449 1372 enim
470 1317 598 1395 gentes,
631 1330 711 1393 quae
739 1312 841 1391 legem
863 1330 927 1373 non
948 1308 1078 1389 habent,
1111 1308 1293 1369 naturaliter

367 1414 420 1467 ea,
450 1412 529 1473 quae
549 1394 627 1475 legis
649 1413 712 1454 non
735 1399 822 1473 sunt,
850 1392 983 1472 faciunt,
1013 1390 1167 1455 eiusmodi
1188 1392 1290 1473 legem
1376 1424 1377 1473 p

366 1496 429 1538 non
461 1477 608 1538 habentes
630 1477 689 1558 ipsi
711 1474 769 1537 sibi
792 1482 862 1536 sunt
884 1477 950 1555 lex,
982 1476 1126 1557 quoniam
1164 1474 1291 1553 demon-
1376 1478 1377 1543 l

368 1564 465 1641 strant
492 1579 570 1640 opus
600 1558 677 1641 legis
710 1560 855 1639 scriptum
877 1559 907 1619 in
930 1558 1072 1621 cordibus
1095 1558 1174 1635 suis,
1206 1558 1291 1618 testi·
1376 1564 1377 1643 ᾗ

367 1642 479 1703 lloante
514 1643 703 1703 conscientia
724 1642 887 1723 ipsorum,
922 1650 952 1703 et
979 1642 1060 1703 inter
1092 1661 1126 1702 se
1157 1641 1289 1702 invicem
1376 1688 1377 1693 1

368 1724 605 1807 cogitationibus
641 1724 865 1786 accusantibus.
915 1724 1001 1785 Haec
1027 1724 1122 1785 verba
1146 1724 1291 1805 Augusti·
1376 1776 1377 1787 ,

366 1828 423 1869 nus
454 1805 521 1869 Lib.
556 1810 576 1870 4
611 1815 718 1868 eontra
753 1807 866 1868 Juliam
910 1826 978 1888 cap.
1009 1810 1026 1871 3
1077 1812 1213 1868 tractans
1248 1808 1292 1867 ita
1376 1830 1377 1887 ι

368 1890 460 1969 dicit,
485 1890 715 1970 interpretando
743 1910 798 1951 seu
825 1889 1009 1972 explicando
1038 1890 1077 1953 de
1100 1888 1291 1951 infidelibus:
1376 1902 1377 1959 j

369 1972 401 2035 si
424 1972 515 2033 fldem
537 1992 600 2033 non
622 1972 737 2033 habent
758 1972 880 2052 Christi,
902 1970 1041 2053 prolecto
1054 1974 1195 2035 neciusti
1210 1980 1291 2051 sunt,

368 2075 428 2116 nec
447 2056 515 2117 Deo
537 2054 670 2135 placant,
693 2075 765 2116 nam
787 2058 853 2116 sins
872 2055 1014 2117 lideDeo
1035 2056 1160 2136 placere
1176 2058 1291 2136 impos·
1376 2064 1377 2087 ¹

369 2138 457 2199 sibile
485 2144 551 2215 est,
581 2138 636 2199 sed
664 2138 703 2199 ad
732 2139 794 2199 hoc
819 2158 872 2199 cas
899 2139 1110 2220 cogitationes
1137 2158 1214 2200 suae
1243 2138 1293 2199 die
1376 2142 1377 2179 ³

366 2220 470 2283 iudicii
501 2220 682 2300 defendent,
714 2229 748 2282 ut
774 2221 963 2283 tolerabilius
994 2223 1173 2305 puniantur,
1208 2221 1293 2301 quod
1376 2216 1377 2243 ¹

367 2304 558 2384 naturaliter,
604 2324 683 2387 quae
715 2304 793 2386 legis
833 2311 918 2385 sunt,
963 2312 1118 2386 utcunque
1152 2306 1293 2383 fecerint,

368 2389 513 2470 scripturn
534 2387 683 2449 habentes
711 2389 743 2448 in
765 2387 907 2449 cordibus
930 2406 1007 2468 opus
1036 2390 1130 2472 legis,
1160 2387 1293 2465 dictans,
1376 2421 1377 2426 κ

367 2477 401 2531 ut
421 2471 488 2532 aliis
509 2490 570 2531 non
592 2471 739 2549 lacerent,
755 2470 837 2550 quod
858 2473 918 2551 ipsi
937 2471 1057 2552 perpeti
1072 2471 1208 2549 nollent;
1230 2471 1292 2532 hoc

367 2562 470 2615 tamen
491 2561 673 2634 peccantes,
702 2551 785 2633 quod
811 2553 952 2614 homines
985 2556 1051 2614 sine
1079 2553 1141 2616 lide
1162 2573 1227 2615 non
1252 2554 1291 2614 ad
1376 2591 1377 2610 ι

368 2656 437 2698 eum
458 2635 550 2696 finem
571 2637 630 2696 ista
659 2636 818 2696 retulerint
845 2655 956 2716 opera,
988 2637 1027 2698 ad
1055 2657 1146 2716 quem
1174 2637 1291 2698 referre

367 2719 545 2780 debuerunt.
588 2719 687 2779 illinus
718 2720 797 2780 enim
831 2719 1002 2799 Fabricius,
1035 2739 1126 2800 quam
1155 2719 1291 2781 Catilina
1376 2729 1377 2768 ἐ

366 2803 525 2882 punietur,
560 2820 622 2863 non
653 2801 734 2882 quod
761 2802 821 2862 ists
848 2801 962 2878 bonus,
994 2801 1049 2863 sed
1077 2801 1169 2883 quod·
1189 2803 1290 2868 minus

367 2891 454 2946 vetus
485 2890 516 2944 et
546 2885 646 2944 minus
674 2885 785 2966 impius
813 2904 904 2963 quani
933 2885 1079 2946 Catilina:
1131 2885 1290 2948 Fabricius

367 2985 430 3028 non
457 2986 547 3028 veras
574 2967 700 3028 virtutes
722 2967 882 3047 habendo,
912 2967 967 3028 sed
989 2989 1009 3028 a
1028 2969 1109 3028 veris
1125 2968 1290 3030 virtutibus

367 3068 431 3111 non
451 3047 614 3130 plurimum
636 3050 797 3110 deviando.
829 3050 870 3110 Et
892 3051 985 3130 paulo
1008 3047 1213 3130 supradicit:
1236 3051 1290 3129 nli,

367 3132 419 3212 qui
440 3133 569 3193 naturali
590 3131 661 3214 lega
682 3140 753 3194 sunt
772 3133 860 3210 iusti,
882 3133 963 3194 haud
984 3133 1108 3213 placent
1131 3133 1211 3195 Deo.

685 3249 901 3310 Conclusio
933 3229 993 3313 ll!

450 3349 567 3429 Homo,
589 3348 647 3409 Dei
668 3350 767 3430 gratia
788 3348 929 3428 exclusa,
949 3357 1117 3431 praecepta
1140 3350 1208 3411 eius
1230 3366 1290 3412 ser·

330 3443 333 3449 '
366 3452 441 3493 vare
471 3441 665 3512 nequaquam
686 3439 805 3512 potest,
833 3451 933 3512 neque
955 3451 989 3493 ae
1009 3433 1058 3494 vel
1081 3432 1290 3515 decongruo,

365 3516 417 3577 rel
452 3515 493 3576 de
530 3515 686 3596 condigno
722 3514 762 3575 ad
795 3516 923 3596 gratim
956 3515 1060 3592 Deis,
1094 3532 1290 3596 praeparare,

367 3598 490 3676 sed**)
515 3598 691 3660 necessario
714 3597 770 3658 sub
793 3604 921 3678 peccato
944 3605 1059 3674 manat,

421 3733 454 3797 ‘)
485 3734 547 3788 Vox
575 3712 640 3787 Dei
670 3731 748 3787 deest
771 3735 799 3786 in
827 3733 905 3786 Tum.
925 3733 945 3786 1.
973 3735 1084 3800 Witteb.
1109 3749 1161 3788 neo
1184 3738 1289 3790 nonin

369 3805 554 3935 Theffluslro
580 3876 641 3930 sed
662 3876 765 3945 legitur
786 3891 909 3929 verum
936 3877 963 3928 in
990 3877 1070 3930 Tom.
1090 3875 1242 3930 L‘Witteb.
1261 3883 1290 3930 ut

366 3949 440 4000 etin
458 3947 605 4001 Thesibus.
