3075 4750
333 477 376 544 80
653 481 802 536 Sermones
819 483 931 538 Lntheri

332 658 400 710 rum
422 649 461 710 de
483 668 522 709 eo
543 650 622 710 iusta
644 655 676 710 et
696 669 768 712 vere
789 650 914 714 dicetur.
956 650 1000 712 Ut
1019 646 1165 712 sidicat:
1192 649 1251 710 Ille

336 741 384 794 est
406 738 570 809 scortator,
603 732 678 812 hoc,
707 735 779 813 quia
805 754 868 796 non
895 753 968 795 vere
994 734 1085 813 dicit,
1115 733 1189 793 licet
1210 734 1252 792 sit

332 837 454 896 verum,
490 817 563 893 quia
596 836 658 876 non
692 817 781 895 loco,
816 820 864 878 cui
899 824 932 878 at
957 816 1115 897 quomodo
1145 815 1262 894 debet„

333 900 424 980 dicit,
459 898 530 958 ideo
560 897 669 960 dicitur
696 900 892 980 spiritualiter
920 906 1087 978 scortator,
1124 901 1250 959 mittens

334 1001 439 1042 semen
461 1000 567 1041 verum
589 988 621 1042 et
640 982 756 1043 bonum
777 984 957 1062 verborum,
984 1002 1048 1044 non
1069 983 1099 1043 in
1122 1002 1177 1043 vas
1199 982 1251 1042 de-

333 1065 444 1142 bitum,
466 1083 567 1144 neque
588 1065 660 1126 loco
682 1074 736 1131 aut
755 1074 895 1148 tempore
918 1067 1038 1128 debitis.

414 1148 567 1227 Disponat
597 1167 671 1229 ergo
701 1150 829 1228 quilibet
860 1169 1018 1211 sermones
1046 1167 1120 1209 suos
1142 1148 1174 1207 in
1196 1147 1252 1208 tali

271 1260 279 1272 ·
332 1230 455 1308 iudicio,
477 1237 510 1290 nt
531 1233 616 1308 sciat,
639 1234 721 1311 quod
743 1233 824 1293 idem
848 1233 1024 1293 dioetDeus
1038 1232 1076 1292 de
1093 1250 1143 1309 e0,
1166 1230 1250 1309 quod

332 1314 400 1394 ipse
421 1313 502 1375 dicet
523 1314 562 1374 de
583 1314 655 1393 alio,
677 1316 870 1377 sivebonum
887 1318 953 1376 sive
969 1315 1092 1392 malum,
1115 1320 1147 1374 et
1168 1314 1251 1391 vide,

333 1396 405 1476 quid
428 1397 570 1458 libentius
593 1397 632 1458 dc
649 1398 715 1460 Deo
739 1399 846 1460 audias
864 1419 904 1458 ex
920 1399 991 1478 illis,
1012 1400 1073 1461 hoc
1092 1397 1142 1457 dic
1158 1398 1252 1456 etiam

333 1481 372 1540 de
394 1482 546 1560 proximo
588 1481 677 1542 Unde
699 1482 774 1542 dicit
797 1483 963 1556 Dominus,
990 1502 1029 1541 ex
1058 1480 1159 1541 verbis
1189 1481 1250 1540 tuis

332 1563 544 1624 iustificaberis
573 1572 605 1624 et
634 1584 673 1624 ex
702 1565 803 1626 verbis
831 1567 889 1626 tuis
918 1563 1191 1642 condemnaberis,
1208 1569 1254 1623 'et

333 1648 393 1708 Jer.
419 1650 474 1710 23:
497 1647 582 1708 Unus
605 1649 662 1708 erit
682 1649 846 1728 unicuique
868 1666 970 1708 sermo
992 1667 1083 1725 suus,
1103 1646 1143 1706 ad
1166 1646 1252 1706 idem

332 1731 488 1808 Psalmus,
520 1730 647 1790 Gladius
676 1750 783 1791 eorum
811 1732 904 1791 intret
931 1733 962 1790 in
985 1730 1082 1791 corda
1101 1731 1253 1810 ipsorum,

334 1814 494 1874 etiterum
517 1813 566 1872 Ps.
588 1814 643 1878 49:
672 1813 790 1876 Sedens
815 1815 852 1890 (i.
874 1834 902 1878 e.
924 1833 1031 1874 secure
1053 1813 1119 1872 sine
1141 1813 1254 1872 timore

334 1897 410 1974 Dei,
440 1896 635 1974 quasi‘solus
664 1898 778 1976 iustus,
812 1899 892 1957 sicut
918 1897 1024 1958 Annas
1057 1903 1089 1956 et
1117 1894 1252 1974 Caiphas

333 1986 440 2040 contra
461 1979 630 2055 Christum)
661 1980 808 2041 adversus
838 1981 961 2041 lratrem
991 1987 1075 2039 tuum
1103 1978 1252 2056 loqueba-

262 2069 267 2078 *
333 2064 374 2124 ris
397 2070 455 2122 etc.
475 2067 479 2074 “
498 2061 615 2122 Sedent
634 2065 714 2124 enim
738 2063 975 2141 detrectatores,
998 2063 1084 2141 quasi
1106 2060 1164 2121 sibi
1186 2060 1253 2120 nul-

334 2145 432 2206 lorum
457 2152 655 2225 peccatorum
685 2148 818 2225 conscii,
849 2147 911 2207 iam
939 2147 1025 2224 qnasi
1053 2144 1151 2205 sancti
1181 2145 1254 2220 sint,

334 2235 416 2290 stant
439 2235 541 2288 autem
562 2229 633 2289 iusti
655 2235 686 2291 et
707 2231 820 2309 sancti,
853 2236 958 2291 tacent
977 2233 1174 2310 peccatores,
1204 2245 1253 2286 se·
1352 2289 1359 2294 „

317 2312 409 2374 'dent
430 2317 532 2374 autem
555 2332 627 2374 vere
648 2313 706 2375 soli
728 2313 811 2376 beati
832 2331 900 2372 cum
923 2312 1062 2389 Christo,
1095 2311 1175 2370 sicut
1207 2311 1253 2370 eis

333 2397 506 2477 pollicetur.
549 2396 596 2459 llli
624 2417 698 2478 ergo
726 2398 819 2458 talem
847 2396 977 2477 gloriam
1007 2394 1066 2455 sibi
1092 2395 1142 2454 hic
1169 2412 1253 2453 arro·

333 2487 422 2561 gant,
445 2480 499 2541 sed
522 2480 594 2560 quid
616 2480 771 2559 sequitur?
813 2480 882 2541 Hoc
902 2479 1002 2543 fecisti
1024 2485 1056 2537 et
1076 2477 1167 2555 tacui,
1189 2478 1254 2535 exiss

334 2566 463 2625 stimasti
489 2566 610 2645 inique,
641 2563 724 2643 quod
752 2581 806 2624 ero
835 2564 878 2623 tui
908 2562 1031 2640 similis,
1063 2579 1189 2641 arguam
1221 2566 1256 2619 et

335 2650 466 2707 statuam
489 2655 596 2708 contra
618 2653 665 2724 te,
699 2646 818 2707 scilicet
838 2652 892 2705 tua
912 2645 1008 2706 verba
1028 2651 1136 2704 contra
1157 2649 1187 2702 te
1209 2642 1271 2722 ip--
1317 2709 1319 2714 ,

335 2749 416 2808 sum,
443 2748 523 2807 ¹qnae
551 2731 663 2789 sedens
685 2729 833 2789 adversus
854 2729 977 2790 fratrem
1000 2734 1086 2787 tunm
1107 2725 1255 2804 loqueba-

333 2815 384 2877 ris.
427 2812 478 2875 Sic
498 2810 530 2873 in
552 2812 736 2893 Evangelio,
759 2810 883 2891 qnando
901 2811 1056 2871 Pharisaei
1077 2809 1117 2869 de
1130 2808 1253 2871 Christo

335 2896 494 2974 dixerunt,
516 2914 578 2957 uon
602 2902 648 2957 est
668 2896 718 2955 hio
740 2895 834 2956 homo
856 2914 876 2954 a
896 2895 980 2973 Deo,
998 2891 1091 2973 item,
1114 2911 1172 2953 nos
1194 2893 1252 2951 sci-

334 2999 417 3059 mus,
440 2978 523 3058 quod
544 2978 638 3040 homo
661 2980 719 3039 iste
740 2985 886 3057 pensator
908 2984 969 3055 est,
1002 2978 1093 3055 item‘,
1113 2976 1160 3035 Tu
1182 2974 1255 3036 dae÷

335 3064 471 3123 monium
494 3062 605 3140 habes,
633 3068 664 3123 et
692 3062 900 3123 testimoninm
929 3068 1014 3121 tuum
1044 3079 1109 3121 non
1131 3065 1180 3119 est
1199 3078 1252 3147 ve-

335 3166 416 3224 rum,
444 3147 564 3207 vocaris
594 3152 719 3226 potator
745 3146 810 3221 vini
831 3152 863 3205 et
882 3144 1116 3224 publicanorum
1138 3142 1254 3220 socius,

335 3248 414 3309 quae
438 3230 542 3291 omnia
562 3236 678 3290 retorta
698 3229 730 3288 in
752 3248 826 3289 suos
848 3234 971 3288 autores
993 3245 1068 3287 vera
1089 3232 1169 3285 sunt.

417 3312 487 3373 Jam
508 3311 667 3373 videamus
689 3312 808 3390 aliquas
829 3329 946 3391 poenas
962 3310 1036 3370 eius.
1079 3307 1180 3368 Primo
1204 3326 1254 3368 so-

334 3416 386 3457 ror
407 3396 500 3456 Masis
522 3415 668 3483 percussa
694 3401 742 3455 est
766 3394 868 3474 lepra,
901 3394 973 3473 quia
1005 3392 1139 3453 detraxit
1163 3391 1256 3469 Mosi,

335 3482 380 3541 sic
407 3480 614 3559 percutientur
646 3486 678 3539 et
702 3478 755 3541 illi.
800 3477 943 3540 Secundo
970 3476 1021 3537 lex
1048 3476 1146 3536 civilis
1166 3474 1257 3554 punit

336 3565 452 3644 capite,
485 3570 518 3623 ut
549 3569 635 3644 patet
667 3562 706 3623 de
734 3560 839 3623 libello
864 3561 996 3622 famoso.
1042 3558 1147 3620 Tertio
1181 3556 1256 3617 vide

335 3646 479 3727 exempla
501 3648 586 3707 varia
606 3646 638 3706 in
660 3646 730 3707 vitis
752 3644 877 3706 Petrum
897 3650 930 3704 at
949 3644 981 3703 in
1003 3642 1130 3723 speculo
1152 3659 1255 3701 exem-

335 3730 456 3811 plorum
471 3728 663 3811 Scripturas.
706 3724 796 3789 Unde
823 3727 1011 3788 facetissime
1032 3724 1176 3805 Aesopus
1197 3723 1255 3785 lin-

335 3833 412 3893 guas
435 3814 509 3875 emit
529 3813 576 3875 bis
599 3819 744 3892 tanquam
766 3829 874 3871 carues
895 3810 1045 3891 pessimas
1067 3813 1099 3869 et
1120 3808 1256 3889 optimas

337 3897 484 3957 omnium.
526 3896 601 3957 Ideo
631 3902 693 3958 tam
722 3894 992 3955 vehementissime
1013 3892 1201 3971 vituperatur
1221 3892 1254 3949 in

336 3976 508 4060 Scriptura,
539 3980 588 4044 ΡΒ.
612 3982 669 4047 31;
702 3976 783 4053 Quid
811 3977 953 4058 gloriaris
984 3976 1015 4037 in
1043 3974 1175 4053 malitie,
1202 3974 1256 4053 qui
