3075 4750
326 518 389 590 286
617 525 777 596 Disputatio
797 527 832 580 u.
850 486 983 582 uulneri*

326 698 416 758 simul
438 674 546 776 euml)
578 697 719 759 subiiciet
752 697 946 759 humiliatum
972 698 1004 759 in
1033 699 1176 762 omnibus
1207 718 1257 760 sa-

326 781 444 844 cerdoti
465 799 522 842 suo
546 779 670 845 vicario.
1204 848 1214 868 ,

410 865 447 940 8)
484 863 628 924 Oenones
670 864 908 944 poenitentiales
943 863 1043 926 solum
1077 865 1254 928 viventibus

326 956 396 1009 sunt
416 947 567 1026 impositi,
596 945 732 1026 nihilque
753 948 907 1008 morituris
929 946 1097 1010 secundum
1122 950 1250 1010 eosdem
1272 1029 1281 1039 ἱ

325 1031 418 1094 debet
437 1030 565 1108 imponi.

408 1115 445 1187 9)
470 1111 546 1172 Inde
574 1111 654 1172 bene
680 1111 771 1173 nobis
798 1109 872 1174 iacit
900 1112 1029 1193 Spiritus
1061 1120 1187 1174 sanctus
1214 1116 1246 1173 in

325 1215 424 1278 papa,
447 1193 631 1276 excipiendo
653 1195 685 1254 in
708 1196 769 1254 suis
792 1195 923 1258 decretis
945 1215 1069 1278 semper
1088 1197 1251 1260 articulum

326 1279 432 1341 mortis
454 1283 486 1338 et
506 1277 709 1338 necessitatis.

410 1364 466 1436 10)
490 1359 618 1421 indocte
640 1366 671 1419 ct
693 1359 774 1420 male
796 1358 912 1420 faciunt
932 1358 1112 1424 sacerdotes
1136 1363 1168 1440 ii,
1191 1364 1246 1441 qui

269 1495 271 1502 ,
326 1444 480 1506 morituris
502 1442 708 1524 poenitentias
731 1443 897 1504 canonicas
919 1445 949 1505 in
971 1443 1182 1525 purgatorium
1204 1465 1251 1504 re·

325 1533 457 1588 servant.

408 1607 465 1692 11)
493 1609 618 1670 Zizania
647 1607 701 1668 illa
731 1605 771 1668 dc
797 1607 944 1670 mutanda
972 1628 1076 1690 poena
1098 1611 1252 1672 canoniea

324 1694 355 1752 in
378 1711 511 1773 poenam
529 1692 698 1774 purgatorii
721 1690 863 1752 videntur
880 1698 964 1754 certe
982 1691 1248 1772 dormientibus²)

325 1775 482 1857 episcopis
504 1775 665 1835 seminata.

409 1859 465 1935 12)
496 1857 578 1918 Olim
612 1876 734 1936 poenae
771 1859 941 1919 canonicae
973 1878 1036 1920 non
1068 1865 1157 1938 post,
1194 1858 1251 1920 sed

325 1947 397 2001 ante
423 1939 651 2001 absolutionem
685 1940 942 2024 imponebantur,
974 1947 1121 2022 tanquam
1148 1949 1250 2004 tenta·

326 2029 430 2086 menta
451 2041 542 2084 verae
564 2022 768 2084 contritionis.

409 2105 464 2184 13)
490 2105 628 2166 Morituri
651 2126 706 2186 per
725 2111 856 2167 mortem
879 2107 983 2166 omnia
1004 2105 1139 2187 solvunt,
1161 2107 1250 2169 etle-

325 2187 416 2268 gibus
450 2207 604 2250 canonum
639 2191 750 2250 mortui
770 2190 846 2270 ,iam
884 2195 971 2270 sunt,
1002 2189 1152 2252 habentes
1185 2191 1252 2252 inre

326 2291 429 2332 earum
451 2271 685 2336 relaxationem.
813 2347 817 2353 ἡ

411 2357 468 2435 14)
493 2355 675 2438 Imperfecta
696 2355 812 2418 sanitas
834 2374 889 2417 seu
912 2355 1023 2417 caritas
1045 2356 1184 2419 morituri
1196 2377 1251 2419 ne-

327 2440 461 2500 cessario
495 2458 599 2499 secum
637 2438 695 2498 fert
724 2458 870 2519 magnum
902 2438 1062 2518 timorem,
1101 2445 1253 2522 tantoque

325 2524 483 2601 maiorem,
504 2529 619 2601 quanto
643 2521 744 2583 minor
763 2522 855 2583 fuerit
874 2522 952 2603 ipsa.

410 2610 466 2682 15)
499 2602 558 2665 Hic
584 2605 676 2666 timor
697 2611 729 2666 et
749 2602 859 2665 horror
879 2605 954 2665 satis
977 2610 1025 2667 est
1045 2625 1080 2665 se
1102 2606 1188 2685 solo,
1215 2613 1251 2667 ut

325 2688 387 2748 alia
416 2694 554 2769 taceam,
587 2688 688 2748 lacere
720 2706 854 2767 poenam
888 2688 1074 2769 purgatorii,
1106 2707 1174 2756 cum
1208 2691 1252 2750 sit

325 2772 483 2851 proximus
505 2770 729 2850 desperationis
751 2770 880 2834 horrori.

410 2854 466 2933 16)
491 2853 641 2914 Videntur
656 2852 801 2933 infernus,
813 2854 1032 2936 purgatorium,
1055 2854 1177 2916 coelum
1191 2853 1247 2915 dil·

324 2936 420 3079 gepfre,
443 2938 522 2997 siout
545 2937 736 3017 desperatio,
758 2955 857 3017 prope
880 2935 1071 3016 desperatio,
1093 2939 1245 2999 securitas

346 3019 477 3081 ierunt.

409 3106 466 3178 17)
490 3102 704 3165 Necessarium
731 3102 853 3164 videtur
885 3101 1046 3163 animabus
1073 3103 1104 3163 in
1133 3122 1246 3185 purga-

324 3186 404 3247 torio
427 3186 506 3246 sicut
526 3186 622 3246 minui
642 3186 813 3265 horrorem,
833 3186 877 3245 ita
895 3186 1001 3265 augeri
1023 3185 1192 3249 caritatem.

411 3266 467 3352 18)
492 3266 559 3329 Nec
578 3268 741 3351 probatum
764 3269 887 3331 videtur
908 3266 977 3329 ullis
1000 3273 1054 3328 aut
1073 3268 1247 3333 rationibus

324 3357 378 3413 aut
405 3352 576 3433 scripturis,
610 3351 692 3431 quod
723 3354 785 3413 sint
811 3358 900 3415 extra
926 3356 1040 3411 statum
1067 3352 1167 3413 mariti
1191 3373 1247 3413 seu

255 3455 262 3461 ·
325 3434 487 3515 augendas
508 3435 655 3495 caritatis.
919 3494 922 3501 ,

409 3521 465 3594 19)
489 3517 555 3578 Nec
577 3517 638 3580 hoc
658 3517 822 3598 probatum
845 3536 916 3578 esse
936 3516 1066 3596 videtur,
1089 3519 1173 3598 qnod
1188 3520 1249 3581 sint

325 3600 364 3661 de
387 3620 442 3663 sua
462 3600 653 3664 beatitudine
675 3607 779 3664 certae
801 3607 980 3682 etsecurac,
1002 3601 1112 3664 saltem
1126 3621 1248 3685 omnes,

323 3684 397 3745 licet
419 3703 477 3745 nos
499 3684 660 3747 certissimi
682 3685 777 3746 simus
788 3686 834 3760 3).

406 3768 466 3845 20)
491 3766 586 3848 Igitur
617 3787 701 3848 papa
737 3787 794 3847 per
824 3768 1039 3829 remissionem
1072 3766 1248 3850 plenariam

379 3956 409 4019 1)
440 3954 523 4023 Apud
548 3974 573 4007 v.
603 3956 628 4010 d.
658 3956 758 4011 Ilerdt:
788 3971 859 4011 cam.
913 3956 945 4021 2)
973 3954 1042 4010 ibid.
1073 3956 1247 4014 dormientis.

323 4026 353 4091 3)
372 4024 455 4080 ibid:
475 4038 580 4088 sumus.
