3075 4750
560 501 588 558 F.
609 502 733 560 silvestri
752 502 903 559 Paleristls.
1135 503 1197 592 367

360 673 415 738 su.
435 675 514 736 Dico
531 681 564 736 ut
585 693 677 755 supra
696 676 854 756 proxime,
876 681 911 736 et
935 673 1077 751 ulterius,
1111 671 1196 752 qnod
1295 668 1301 681 ‘

273 760 318 818 itu
345 758 499 837 mouens,
532 777 570 818 ae
598 760 623 818 sl
647 759 814 838 publicatio
840 760 998 819 veniarum
1035 775 1104 816 cum
1136 756 1194 835 his,
1280 784 1281 793 κ

275 858 358 934 quse
379 841 464 902 illam
480 843 664 905 comitantur
675 839 880 902 declaratoris
892 848 925 903 at
939 840 1119 918 horumne,
1133 856 1197 900 non

277 927 317 986 sit
338 925 503 986 seminatio
525 924 612 988 verbi
632 925 705 1003 Dei,¹
721 923 806 1005 quod
827 940 917 1005 nego.
972 956 974 963 ·

360 1009 419 1086 55)
444 1007 531 1070 Mart.
553 1008 640 1068 Mens
661 1025 763 1088 papae
779 1008 957 1068 necessario
976 1013 1033 1085 est,
1055 1004 1197 1088 quod,si
1272 970 1295 1086 ,ἱ
1387 1067 1389 1078 ,

275 1092 387 1152 veniae
419 1091 520 1171 (quod
547 1092 705 1152 minimum
735 1093 802 1169 ast)
824 1109 887 1150 una
922 1099 1090 1170 campana,
1127 1088 1196 1148 unis

276 1174 402 1256 pompis
414 1181 446 1235 at
459 1175 642 1239 ceremoniis
655 1173 858 1253 celebrantur,
879 1173 1076 1255 mangessum
1094 1170 1198 1252 <quod

274 1257 444 1318 maximum
461 1263 541 1334 est)
568 1264 689 1318 eentum
708 1258 885 1338 oampanis,
912 1264 1039 1317 eentum
1064 1255 1197 1336 pompis,

276 1346 402 1402 eentum
424 1341 607 1418 ceremoniis
628 1339 833 1422 praedicetur.

360 1422 414 1484 Sil.
436 1424 513 1486 Dico
536 1432 682 1504 utsupra
703 1425 862 1505 proxima,
890 1429 922 1483 at
943 1421 1086 1500 ulterius,
1114 1420 1197 1500 quod

277 1506 456 1568 consimiles
477 1507 693 1570 conclusiones
715 1525 779 1568 non
801 1505 914 1567 decent
931 1521 1057 1586 gravem
1077 1504 1196 1568 theolo-

275 1609 360 1672 gum,
383 1597 455 1654 sunt
476 1592 558 1652 enlm
580 1589 730 1672 pueriles,
753 1598 786 1651 at
806 1589 949 1651 videntur
969 1607 1039 1649 asse
1061 1588 1117 1649 viri
1138 1593 1199 1648 sto-

275 1673 429 1753 machati,
452 1681 483 1734 et
503 1675 659 1742 inferentis
683 1693 718 1734 os
739 1675 779 1734 irr
795 1673 932 1751 coslum
963 1679 997 1732 et
1017 1676 1127 1734 eontra
1147 1671 1199 1731 sti·

274 1756 392 1816 mulam
413 1757 609 1818 calcitrantis.
1082 1787 1085 1794 ·
1189 1815 1195 1820 .

360 1842 418 1919 56)
443 1841 529 1903 Mart.
556 1839 705 1901 Thesauri
726 1839 894 1917 eccleciae,
922 1837 1005 1898 unde
1031 1838 1114 1920 papa
1142 1835 1197 1898 dat

275 1922 493 2004 indulgentias,
516 1940 617 2004 neque
633 1925 718 1993 satis
734 1923 885 1984 nominati
906 1929 990 2000 sunt,
1024 1937 1125 2002 neque
1143 1937 1196 1999 ‚co-

275 2007 352 2086 gniti
376 2005 458 2088 apud
479 2007 625 2088 populum
644 2006 908 2084 Christiannw).
1143 2011 1154 2038 ³

362 2088 415 2152 sn.
437 2087 508 2150 lion
529 2096 578 2151 est
598 2091 721 2168 numm,
751 2091 777 2149 si
799 2089 910 2170 vulgus
936 2089 996 2150 ista
1016 2105 1081 2148 non
1101 2088 1199 2165 novit,

275 2189 345 2232 oum
369 2179 411 2252 tu,
431 2174 483 2254 qui
505 2191 579 2233 eum
596 2172 671 2252 orbe
691 2173 835 2234 universo
853 2180 886 2232 te
899 2171 1121 2252 disputaturum
1144 2170 1197 2232 ob-

274 2255 388 2332 tulisti,
411 2257 470 2317 ista
491 2263 627 2318 autnon
649 2255 848 2333 intellexeris,
870 2262 925 2315 ant
945 2253 1061 2334 lingas,
1089 2260 1123 2313 ut
1141 2271 1195 2336 pa·

274 2337 362 2401 tebit.
392 2337 473 2403 Sunt
492 2341 573 2402 enim
593 2340 645 2401 isti
665 2337 799 2401 thesauri
820 2338 1108 2418 notietnominati,
1131 2351 1194 2397 nou

274 2421 401 2502 quidem
422 2424 537 2485 lumine
558 2430 683 2485 nostrae
702 2423 841 2501 rationis,
864 2421 920 2483 sed
941 2422 1064 2503 spiritus
1086 2422 1194 2499 sancti

275 2507 327 2585 qui
356 2524 413 2587 per
426 2514 563 2585 {sanctos
592 2524 665 2567 suos
696 2522 753 2567 nos
783 2505 909 2585 edocet,
938 2505 1047 2584 quibus
1077 2510 1109 2564 tu
1130 2520 1194 2564 non

274 2590 448 2651 ascendens
471 2591 634 2651 autoritate
654 2597 795 2669 tua,·aut
815 2591 860 2650 tui
873 2587 1016 2649 similium
1030 2586 1109 2648 ilios
1129 2586 1194 2647 the-

273 2688 383 2735 sauros
405 2672 536 2754 effingis.
579 2672 699 2735 Venias
721 2690 807 2754 ergo,
830 2674 897 2734 siva
910 2670 1121 2752 indulgentiae
1141 2688 1192 2730 au-

274 2756 400 2817 toritate
415 2756 589 2837 Scripturas
610 2756 701 2817 nobis
724 2772 787 2817 non
807 2757 981 2832 innotuere,
1003 2753 1058 2815 sed
1081 2754 1192 2815 autori-

273 2846 339 2899 tate
353 2840 504 2901 ecelesiae
520 2840 690 2919 Romanae,
712 2840 984 2919 Romanorumque
1004 2836 1193 2920 pontificum,

273 2938 355 3001 quae
379 2924 475 2986 maior
496 2925 668 3003 est·,·inter
695 2940 774 3003 quos
798 2930 923 2983 sanetus
945 2921 1114 3003 Gregorius
1134 2922 1194 3004 pri·

273 3020 343 3065 mus
367 3006 559 3081 (testedlvo
580 3006 717 3084 '1⁷homa)
741 3004 947 3087 indulgentias
968 3004 1055 3069 dedit
1074 3005 1194 3066 Βοωοο

271 3090 305 3148 in
333 3089 531 3170 conomius,
559 3091 715 3171 ceterique
743 3095 815 3149 eunt
840 3089 969 3169 sequuti.
1017 3087 1193 3154 Thesaurus

271 3190 350 3253 ergo
372 3174 431 3234 iste
453 3172 622 3234 secundum
650 3179 793 3252 carmos,
826 3191 895 3233 cum
921 3172 1102 3254 theologos,
1129 3179 1193 3234 turn

271 3256 368 3316 etiam
388 3258 577 3337 canonistas,
599 3264 670 3321 sunt
690 3257 800 3317 menta
821 3255 932 3317 Ohriati
954 3262 986 3317 et
1007 3262 1192 3334 sanctorum,

271 3356 337 3399 noa
359 3356 398 3399 ea
419 3341 548 3419 ratione,
571 3358 632 3421 qua
653 3340 772 3419 merite,
793 3338 848 3400 sed
875 3358 937 3419 qua
958 3340 1192 3400 sadalactiones.

357 3425 416 3501 57]
439 3422 527 3488 ldart.
544 3423 718 3485 'lhaseuros
744 3429 846 3504 certe,
873 3422 956 3486 unda
982 3420 1192 3502 indulgentiae

271 3504 400 3586 dantur,
421 3524 483 3571 non
508 3505 784 3588 ossetemporalss
819 3512 920 3587 patet,
953 3506 1107 3583 quianon
1128 3512 1191 3568 tam

268 3590 362 3651 facila
390 3606 446 3651 eos
474 3588 679 3673 profundunt,
713 3588 772 3651 scd
800 3586 1012 3650 tantummodo
1042 3587 1192 3668 colligunt

270 3668 360 3735 multi
381 3674 643 3738 concionatorum.
1106 3675 1109 3678 ’

356 3756 409 3833 Sila
430 3756 501 3819 Non
512 3755 618 3838 doces,
632 3758 778 3834 Martiae,
795 3754 850 3815 sed
865 3753 1021 3837 detrahis,
1033 3769 1097 3815 non
1118 3767 1190 3817 oon·

345 4020 375 4089 ⁴)
398 4020 429 4073 ln
447 4019 512 4075 edit.
531 4020 606 4075 len:
625 4020 733 4074 Christl.
