<?xml version="1.0" encoding="UTF-8"?>
<!DOCTYPE html PUBLIC "-//W3C//DTD XHTML 1.0 Transitional//EN"
    "http://www.w3.org/TR/xhtml1/DTD/xhtml1-transitional.dtd">
<html xmlns="http://www.w3.org/1999/xhtml" xml:lang="en" lang="en">
 <head>
  <title>
</title>
<meta http-equiv="Content-Type" content="text/html;charset=utf-8" />
  <meta name='ocr-system' content='tesseract 3.04.00' />
  <meta name='ocr-capabilities' content='ocr_page ocr_carea ocr_par ocr_line ocrx_word'/>
</head>
<body>
  <div class='ocr_page' id='page_1' title='image "./operalatinavari01schmgoog_0245.png"; bbox 0 0 3075 4750; ppageno 0'>
   <div class='ocr_carea' id='block_1_1' title="bbox 409 480 1180 565">
    <p class='ocr_par' dir='ltr' id='par_1_1' title="bbox 409 480 1180 565">
     <span class='ocr_line' id='line_1_1' title="bbox 409 480 1180 565; baseline 0.004 -18"><span class='ocrx_word' id='word_1_1' title='bbox 409 480 415 484; x_wconf 39' lang='lat'>⁸</span> <span class='ocrx_word' id='word_1_2' title='bbox 447 499 475 547; x_wconf 86' lang='lat' dir='ltr'><strong>et</strong></span> <span class='ocrx_word' id='word_1_3' title='bbox 491 487 633 549; x_wconf 78' lang='lat' dir='ltr'><strong>voluntate</strong></span> <span class='ocrx_word' id='word_1_4' title='bbox 650 495 772 548; x_wconf 87' lang='lat' dir='ltr'><strong>hominis</strong></span> <span class='ocrx_word' id='word_1_5' title='bbox 791 496 851 549; x_wconf 85' lang='lat' dir='ltr'><strong>sins</strong></span> <span class='ocrx_word' id='word_1_6' title='bbox 869 497 967 565; x_wconf 80' lang='lat' dir='ltr'><strong>gratia.</strong></span> <span class='ocrx_word' id='word_1_7' title='bbox 1117 492 1180 562; x_wconf 73' lang='grc'><strong>237</strong></span> 
     </span>
    </p>
   </div>
   <div class='ocr_carea' id='block_1_2' title="bbox 175 664 1181 3065">
    <p class='ocr_par' dir='ltr' id='par_1_2' title="bbox 175 664 1181 2484">
     <span class='ocr_line' id='line_1_2' title="bbox 257 664 1181 748; baseline 0.004 -25"><span class='ocrx_word' id='word_1_8' title='bbox 257 692 271 704; x_wconf 67' lang='grc'><strong>·»</strong></span> <span class='ocrx_word' id='word_1_9' title='bbox 341 664 475 733; x_wconf 83' lang='lat' dir='ltr'><strong>Priunim</strong></span> <span class='ocrx_word' id='word_1_10' title='bbox 495 671 597 745; x_wconf 88' lang='lat' dir='ltr'><strong>patet,</strong></span> <span class='ocrx_word' id='word_1_11' title='bbox 619 666 691 743; x_wconf 89' lang='lat' dir='ltr'><strong>quia</strong></span> <span class='ocrx_word' id='word_1_12' title='bbox 712 665 786 727; x_wconf 89' lang='lat' dir='ltr'><strong>dioit</strong></span> <span class='ocrx_word' id='word_1_13' title='bbox 807 666 972 748; x_wconf 86' lang='lat' dir='ltr'><strong>propheta:</strong></span> <span class='ocrx_word' id='word_1_14' title='bbox 1016 665 1181 727; x_wconf 87' lang='lat' dir='ltr'><strong>Laetentur</strong></span> 
     </span>
     <span class='ocr_line' id='line_1_3' title="bbox 259 747 1179 831; baseline 0.003 -25"><span class='ocrx_word' id='word_1_15' title='bbox 259 747 289 805; x_wconf 88' lang='lat' dir='ltr'><strong>ia</strong></span> <span class='ocrx_word' id='word_1_16' title='bbox 311 753 342 807; x_wconf 82' lang='lat' dir='ltr'><strong>te</strong></span> <span class='ocrx_word' id='word_1_17' title='bbox 363 766 488 826; x_wconf 89' lang='lat' dir='ltr'><strong>omnes,</strong></span> <span class='ocrx_word' id='word_1_18' title='bbox 509 749 561 826; x_wconf 89' lang='lat' dir='ltr'><strong>qui</strong></span> <span class='ocrx_word' id='word_1_19' title='bbox 582 755 708 828; x_wconf 89' lang='lat' dir='ltr'><strong>sperant</strong></span> <span class='ocrx_word' id='word_1_20' title='bbox 727 751 758 809; x_wconf 90' lang='lat' dir='ltr'><strong>in</strong></span> <span class='ocrx_word' id='word_1_21' title='bbox 781 757 812 809; x_wconf 90' lang='lat' dir='ltr'><strong>te</strong></span> <span class='ocrx_word' id='word_1_22' title='bbox 834 757 865 809; x_wconf 90' lang='lat' dir='ltr'><strong>et</strong></span> <span class='ocrx_word' id='word_1_23' title='bbox 884 747 1095 831; x_wconf 85' lang='lat' dir='ltr'><strong>gloriabuntur</strong></span> <span class='ocrx_word' id='word_1_24' title='bbox 1116 766 1179 809; x_wconf 91' lang='lat' dir='ltr'><strong>om·</strong></span> 
     </span>
     <span class='ocr_line' id='line_1_4' title="bbox 259 830 1180 911; baseline 0.003 -23"><span class='ocrx_word' id='word_1_25' title='bbox 259 848 313 889; x_wconf 88' lang='lat' dir='ltr'><strong>nes</strong></span> <span class='ocrx_word' id='word_1_26' title='bbox 336 830 365 888; x_wconf 90' lang='lat' dir='ltr'><strong>in</strong></span> <span class='ocrx_word' id='word_1_27' title='bbox 390 835 437 908; x_wconf 92' lang='lat' dir='ltr'><strong>te,</strong></span> <span class='ocrx_word' id='word_1_28' title='bbox 469 831 525 891; x_wconf 83' lang='lat' dir='ltr'><strong>ssd</strong></span> <span class='ocrx_word' id='word_1_29' title='bbox 553 848 661 891; x_wconf 89' lang='lat' dir='ltr'><strong>omnes</strong></span> <span class='ocrx_word' id='word_1_30' title='bbox 694 832 714 891; x_wconf 92' lang='lat' dir='ltr'><strong>ii</strong></span> <span class='ocrx_word' id='word_1_31' title='bbox 744 834 798 911; x_wconf 91' lang='lat' dir='ltr'><strong>qui</strong></span> <span class='ocrx_word' id='word_1_32' title='bbox 825 831 933 893; x_wconf 88' lang='lat' dir='ltr'><strong>fideles</strong></span> <span class='ocrx_word' id='word_1_33' title='bbox 960 840 1031 891; x_wconf 88' lang='lat' dir='ltr'><strong>sunt</strong></span> <span class='ocrx_word' id='word_1_34' title='bbox 1058 832 1180 911; x_wconf 77' lang='lat' dir='ltr'>Christi,</span> 
     </span>
     <span class='ocr_line' id='line_1_5' title="bbox 260 911 1179 995; baseline 0.002 -23"><span class='ocrx_word' id='word_1_35' title='bbox 260 911 455 991; x_wconf 77' lang='lat' dir='ltr'>passionibus</span> <span class='ocrx_word' id='word_1_36' title='bbox 477 912 589 973; x_wconf 80' lang='lat' dir='ltr'><strong>christi</strong></span> <span class='ocrx_word' id='word_1_37' title='bbox 610 917 840 975; x_wconf 76' lang='lat' dir='ltr'><strong>communicant</strong></span> <span class='ocrx_word' id='word_1_38' title='bbox 861 923 892 975; x_wconf 91' lang='lat' dir='ltr'><strong>et</strong></span> <span class='ocrx_word' id='word_1_39' title='bbox 913 914 1086 993; x_wconf 70' lang='lat' dir='ltr'><strong>abundant,</strong></span> <span class='ocrx_word' id='word_1_40' title='bbox 1111 934 1179 995; x_wconf 89' lang='lat' dir='ltr'><strong>pas·</strong></span> 
     </span>
     <span class='ocr_line' id='line_1_6' title="bbox 259 995 1178 1079; baseline 0.004 -26"><span class='ocrx_word' id='word_1_41' title='bbox 259 995 364 1054; x_wconf 86' lang='lat' dir='ltr'><strong>aiones</strong></span> <span class='ocrx_word' id='word_1_42' title='bbox 385 996 477 1055; x_wconf 88' lang='lat' dir='ltr'><strong>etiam</strong></span> <span class='ocrx_word' id='word_1_43' title='bbox 500 997 612 1079; x_wconf 82' lang='lat' dir='ltr'><strong>impiis,</strong></span> <span class='ocrx_word' id='word_1_44' title='bbox 634 1016 693 1057; x_wconf 90' lang='lat' dir='ltr'><strong>neo</strong></span> <span class='ocrx_word' id='word_1_45' title='bbox 714 1005 817 1058; x_wconf 90' lang='lat' dir='ltr'><strong>tamen</strong></span> <span class='ocrx_word' id='word_1_46' title='bbox 840 1004 1014 1077; x_wconf 71' lang='lat' dir='ltr'>operantur.</span> <span class='ocrx_word' id='word_1_47' title='bbox 1047 996 1108 1059; x_wconf 79' lang='lat' dir='ltr'><strong>sed</strong></span> <span class='ocrx_word' id='word_1_48' title='bbox 1127 998 1178 1077; x_wconf 92' lang='lat' dir='ltr'><strong>qui</strong></span> 
     </span>
     <span class='ocr_line' id='line_1_7' title="bbox 175 1078 1181 1161; baseline 0.004 -24"><span class='ocrx_word' id='word_1_49' title='bbox 175 1082 181 1092; x_wconf 93' lang='lat'><em>&#39;</em></span> <span class='ocrx_word' id='word_1_50' title='bbox 257 1078 371 1154; x_wconf 85' lang='lat' dir='ltr'><strong>solunt,</strong></span> <span class='ocrx_word' id='word_1_51' title='bbox 399 1078 450 1138; x_wconf 91' lang='lat' dir='ltr'><strong>nbi</strong></span> <span class='ocrx_word' id='word_1_52' title='bbox 473 1078 648 1139; x_wconf 87' lang='lat' dir='ltr'><strong>laetandum</strong></span> <span class='ocrx_word' id='word_1_53' title='bbox 676 1087 708 1140; x_wconf 88' lang='lat' dir='ltr'><strong>et</strong></span> <span class='ocrx_word' id='word_1_54' title='bbox 728 1079 923 1160; x_wconf 87' lang='lat' dir='ltr'><strong>gloriandum</strong></span> <span class='ocrx_word' id='word_1_55' title='bbox 945 1082 997 1159; x_wconf 91' lang='lat' dir='ltr'><strong>sit,</strong></span> <span class='ocrx_word' id='word_1_56' title='bbox 1031 1079 1102 1141; x_wconf 91' lang='lat' dir='ltr'><strong>ideo</strong></span> <span class='ocrx_word' id='word_1_57' title='bbox 1125 1100 1181 1161; x_wconf 87' lang='lat' dir='ltr'><strong>per</strong></span> 
     </span>
     <span class='ocr_line' id='line_1_8' title="bbox 257 1160 1179 1241; baseline 0.005 -22"><span class='ocrx_word' id='word_1_58' title='bbox 257 1160 442 1239; x_wconf 75' lang='lat' dir='ltr'><strong>sapientiam</strong></span> <span class='ocrx_word' id='word_1_59' title='bbox 475 1162 556 1221; x_wconf 87' lang='lat' dir='ltr'><strong>hano</strong></span> <span class='ocrx_word' id='word_1_60' title='bbox 579 1181 666 1222; x_wconf 89' lang='lat' dir='ltr'><strong>suam</strong></span> <span class='ocrx_word' id='word_1_61' title='bbox 694 1163 808 1223; x_wconf 90' lang='lat' dir='ltr'><strong>inillis</strong></span> <span class='ocrx_word' id='word_1_62' title='bbox 831 1182 894 1225; x_wconf 90' lang='lat' dir='ltr'><strong>non</strong></span> <span class='ocrx_word' id='word_1_63' title='bbox 915 1165 1086 1241; x_wconf 80' lang='lat' dir='ltr'><strong>tristantur,</strong></span> <span class='ocrx_word' id='word_1_64' title='bbox 1116 1182 1179 1224; x_wconf 89' lang='lat' dir='ltr'><strong>nou</strong></span> 
     </span>
     <span class='ocr_line' id='line_1_9' title="bbox 258 1242 1179 1325; baseline 0.003 -23"><span class='ocrx_word' id='word_1_65' title='bbox 258 1242 500 1320; x_wconf 85' lang='lat' dir='ltr'><strong>nonfuuduntur,</strong></span> <span class='ocrx_word' id='word_1_66' title='bbox 528 1264 591 1304; x_wconf 90' lang='lat' dir='ltr'><strong>non</strong></span> <span class='ocrx_word' id='word_1_67' title='bbox 618 1246 814 1325; x_wconf 80' lang='lat' dir='ltr'><strong>impatientes</strong></span> <span class='ocrx_word' id='word_1_68' title='bbox 835 1245 926 1325; x_wconf 86' lang='lat' dir='ltr'><strong>fiunt,</strong></span> <span class='ocrx_word' id='word_1_69' title='bbox 957 1254 989 1306; x_wconf 87' lang='lat' dir='ltr'><strong>et</strong></span> <span class='ocrx_word' id='word_1_70' title='bbox 1009 1265 1069 1307; x_wconf 91' lang='lat' dir='ltr'><strong>neo</strong></span> <span class='ocrx_word' id='word_1_71' title='bbox 1088 1244 1179 1307; x_wconf 78' lang='lat' dir='ltr'><strong>affeo</strong></span> 
     </span>
     <span class='ocr_line' id='line_1_10' title="bbox 257 1328 1181 1410; baseline 0.005 -25"><span class='ocrx_word' id='word_1_72' title='bbox 257 1332 324 1385; x_wconf 83' lang='lat' dir='ltr'><strong>taut</strong></span> <span class='ocrx_word' id='word_1_73' title='bbox 351 1344 520 1406; x_wconf 88' lang='lat' dir='ltr'><strong>prospera,</strong></span> <span class='ocrx_word' id='word_1_74' title='bbox 545 1328 693 1406; x_wconf 88' lang='lat' dir='ltr'><strong>iuouuds,</strong></span> <span class='ocrx_word' id='word_1_75' title='bbox 715 1330 864 1409; x_wconf 70' lang='lat' dir='ltr'><strong>gloriosa·</strong></span> <span class='ocrx_word' id='word_1_76' title='bbox 904 1329 962 1405; x_wconf 78' lang='lat' dir='ltr'><strong>Qui</strong></span> <span class='ocrx_word' id='word_1_77' title='bbox 984 1331 1129 1410; x_wconf 83' lang='lat' dir='ltr'><strong>ignorant</strong></span> <span class='ocrx_word' id='word_1_78' title='bbox 1150 1336 1181 1390; x_wconf 88' lang='lat' dir='ltr'><strong>et</strong></span> 
     </span>
     <span class='ocr_line' id='line_1_11' title="bbox 257 1409 1179 1493; baseline 0.007 -26"><span class='ocrx_word' id='word_1_79' title='bbox 257 1409 370 1469; x_wconf 88' lang='lat' dir='ltr'><strong>nolunt</strong></span> <span class='ocrx_word' id='word_1_80' title='bbox 393 1412 486 1488; x_wconf 88' lang='lat' dir='ltr'><strong>seire,</strong></span> <span class='ocrx_word' id='word_1_81' title='bbox 520 1410 604 1490; x_wconf 91' lang='lat' dir='ltr'><strong>quod</strong></span> <span class='ocrx_word' id='word_1_82' title='bbox 625 1411 656 1470; x_wconf 91' lang='lat' dir='ltr'><strong>in</strong></span> <span class='ocrx_word' id='word_1_83' title='bbox 686 1412 753 1473; x_wconf 86' lang='lat' dir='ltr'><strong>Deo</strong></span> <span class='ocrx_word' id='word_1_84' title='bbox 767 1413 822 1481; x_wconf 70' lang='lat' dir='ltr'><strong>,sit</strong></span> <span class='ocrx_word' id='word_1_85' title='bbox 848 1412 1024 1472; x_wconf 88' lang='lat' dir='ltr'><strong>laetandum</strong></span> <span class='ocrx_word' id='word_1_86' title='bbox 1053 1419 1084 1472; x_wconf 89' lang='lat' dir='ltr'><strong>et</strong></span> <span class='ocrx_word' id='word_1_87' title='bbox 1111 1412 1179 1493; x_wconf 84' lang='lat' dir='ltr'><strong>glo·</strong></span> 
     </span>
     <span class='ocr_line' id='line_1_12' title="bbox 256 1490 1179 1574; baseline 0.005 -24"><span class='ocrx_word' id='word_1_88' title='bbox 256 1490 411 1569; x_wconf 86' lang='lat' dir='ltr'><strong>riandum,</strong></span> <span class='ocrx_word' id='word_1_89' title='bbox 433 1494 598 1571; x_wconf 87' lang='lat' dir='ltr'><strong>tristantur,</strong></span> <span class='ocrx_word' id='word_1_90' title='bbox 620 1500 652 1554; x_wconf 91' lang='lat' dir='ltr'><strong>et</strong></span> <span class='ocrx_word' id='word_1_91' title='bbox 672 1495 909 1574; x_wconf 74' lang='lat' dir='ltr'><strong>contruduntur,</strong></span> <span class='ocrx_word' id='word_1_92' title='bbox 931 1502 962 1555; x_wconf 89' lang='lat' dir='ltr'><strong>et</strong></span> <span class='ocrx_word' id='word_1_93' title='bbox 983 1496 1179 1574; x_wconf 78' lang='lat' dir='ltr'><strong>impatientes</strong></span> 
     </span>
     <span class='ocr_line' id='line_1_13' title="bbox 257 1572 1180 1657; baseline 0.004 -24"><span class='ocrx_word' id='word_1_94' title='bbox 257 1572 343 1653; x_wconf 87' lang='lat' dir='ltr'><strong>liunt,</strong></span> <span class='ocrx_word' id='word_1_95' title='bbox 366 1594 429 1635; x_wconf 91' lang='lat' dir='ltr'><strong>nou</strong></span> <span class='ocrx_word' id='word_1_96' title='bbox 451 1578 523 1654; x_wconf 91' lang='lat' dir='ltr'><strong>quia</strong></span> <span class='ocrx_word' id='word_1_97' title='bbox 538 1575 670 1636; x_wconf 87' lang='lat' dir='ltr'><strong>adversa</strong></span> <span class='ocrx_word' id='word_1_98' title='bbox 689 1580 826 1657; x_wconf 87' lang='lat' dir='ltr'><strong>veniunt,</strong></span> <span class='ocrx_word' id='word_1_99' title='bbox 849 1586 879 1638; x_wconf 91' lang='lat' dir='ltr'><strong>et</strong></span> <span class='ocrx_word' id='word_1_100' title='bbox 901 1578 1008 1655; x_wconf 90' lang='lat' dir='ltr'><strong>tristia,</strong></span> <span class='ocrx_word' id='word_1_101' title='bbox 1031 1576 1085 1637; x_wconf 91' lang='lat' dir='ltr'><strong>sed</strong></span> <span class='ocrx_word' id='word_1_102' title='bbox 1108 1578 1180 1657; x_wconf 88' lang='lat' dir='ltr'><strong>quia</strong></span> 
     </span>
     <span class='ocr_line' id='line_1_14' title="bbox 258 1658 1180 1740; baseline 0.004 -24"><span class='ocrx_word' id='word_1_103' title='bbox 258 1658 453 1718; x_wconf 83' lang='lat' dir='ltr'><strong>venientibus</strong></span> <span class='ocrx_word' id='word_1_104' title='bbox 474 1660 511 1718; x_wconf 91' lang='lat' dir='ltr'><strong>iis</strong></span> <span class='ocrx_word' id='word_1_105' title='bbox 533 1658 644 1719; x_wconf 82' lang='lat' dir='ltr'><strong>affeetu</strong></span> <span class='ocrx_word' id='word_1_106' title='bbox 665 1678 722 1720; x_wconf 90' lang='lat' dir='ltr'><strong>suo</strong></span> <span class='ocrx_word' id='word_1_107' title='bbox 744 1680 808 1721; x_wconf 92' lang='lat' dir='ltr'><strong>non</strong></span> <span class='ocrx_word' id='word_1_108' title='bbox 828 1660 869 1720; x_wconf 87' lang='lat' dir='ltr'><strong>ad</strong></span> <span class='ocrx_word' id='word_1_109' title='bbox 891 1661 1006 1738; x_wconf 89' lang='lat' dir='ltr'><strong>Deum,</strong></span> <span class='ocrx_word' id='word_1_110' title='bbox 1035 1659 1090 1719; x_wconf 92' lang='lat' dir='ltr'><strong>sed</strong></span> <span class='ocrx_word' id='word_1_111' title='bbox 1106 1667 1180 1740; x_wconf 89' lang='lat' dir='ltr'><strong>post</strong></span> 
     </span>
     <span class='ocr_line' id='line_1_15' title="bbox 257 1740 1180 1824; baseline 0.004 -25"><span class='ocrx_word' id='word_1_112' title='bbox 257 1740 391 1800; x_wconf 83' lang='lat' dir='ltr'><strong>iucunda</strong></span> <span class='ocrx_word' id='word_1_113' title='bbox 425 1748 456 1801; x_wconf 89' lang='lat' dir='ltr'><strong>et</strong></span> <span class='ocrx_word' id='word_1_114' title='bbox 491 1762 639 1822; x_wconf 88' lang='lat' dir='ltr'><strong>prospera</strong></span> <span class='ocrx_word' id='word_1_115' title='bbox 664 1742 866 1824; x_wconf 70' lang='lat' dir='ltr'><strong>adspectant,</strong></span> <span class='ocrx_word' id='word_1_116' title='bbox 899 1743 970 1804; x_wconf 92' lang='lat' dir='ltr'><strong>ideo</strong></span> <span class='ocrx_word' id='word_1_117' title='bbox 1000 1744 1118 1823; x_wconf 83' lang='lat' dir='ltr'><strong>lugiunt</strong></span> <span class='ocrx_word' id='word_1_118' title='bbox 1148 1748 1180 1803; x_wconf 87' lang='lat' dir='ltr'><strong>et</strong></span> 
     </span>
     <span class='ocr_line' id='line_1_16' title="bbox 258 1822 1178 1907; baseline 0.002 -24"><span class='ocrx_word' id='word_1_119' title='bbox 258 1822 393 1904; x_wconf 85' lang='lat' dir='ltr'><strong>effugere</strong></span> <span class='ocrx_word' id='word_1_120' title='bbox 420 1842 483 1884; x_wconf 90' lang='lat' dir='ltr'><strong>uon</strong></span> <span class='ocrx_word' id='word_1_121' title='bbox 511 1833 656 1904; x_wconf 85' lang='lat' dir='ltr'><strong>possunt,</strong></span> <span class='ocrx_word' id='word_1_122' title='bbox 685 1828 756 1905; x_wconf 91' lang='lat' dir='ltr'><strong>quia</strong></span> <span class='ocrx_word' id='word_1_123' title='bbox 783 1846 846 1888; x_wconf 90' lang='lat' dir='ltr'><strong>non</strong></span> <span class='ocrx_word' id='word_1_124' title='bbox 869 1826 1005 1907; x_wconf 84' lang='lat' dir='ltr'><strong>fugiunt,</strong></span> <span class='ocrx_word' id='word_1_125' title='bbox 1035 1844 1114 1905; x_wconf 89' lang='lat' dir='ltr'><strong>quae</strong></span> <span class='ocrx_word' id='word_1_126' title='bbox 1135 1824 1178 1885; x_wconf 83' lang='lat' dir='ltr'><strong>fu·</strong></span> 
     </span>
     <span class='ocr_line' id='line_1_17' title="bbox 258 1906 1180 1986; baseline 0.003 -20"><span class='ocrx_word' id='word_1_127' title='bbox 258 1906 372 1986; x_wconf 85' lang='lat' dir='ltr'><strong>gienda</strong></span> <span class='ocrx_word' id='word_1_128' title='bbox 400 1914 496 1969; x_wconf 87' lang='lat' dir='ltr'><strong>erant.</strong></span> <span class='ocrx_word' id='word_1_129' title='bbox 550 1908 602 1968; x_wconf 82' lang='lat' dir='ltr'><strong>Sia</strong></span> <span class='ocrx_word' id='word_1_130' title='bbox 625 1909 739 1969; x_wconf 82' lang='lat' dir='ltr'><strong>Esaiae</strong></span> <span class='ocrx_word' id='word_1_131' title='bbox 771 1909 883 1969; x_wconf 86' lang='lat' dir='ltr'><strong>XXX.:</strong></span> <span class='ocrx_word' id='word_1_132' title='bbox 936 1910 969 1969; x_wconf 90' lang='lat' dir='ltr'><strong>ln</strong></span> <span class='ocrx_word' id='word_1_133' title='bbox 998 1910 1119 1970; x_wconf 91' lang='lat' dir='ltr'><strong>silentio</strong></span> <span class='ocrx_word' id='word_1_134' title='bbox 1149 1914 1180 1969; x_wconf 92' lang='lat' dir='ltr'><strong>et</strong></span> 
     </span>
     <span class='ocr_line' id='line_1_18' title="bbox 258 1989 1178 2071; baseline 0.003 -23"><span class='ocrx_word' id='word_1_135' title='bbox 258 2008 313 2069; x_wconf 87' lang='lat' dir='ltr'><strong>spe</strong></span> <span class='ocrx_word' id='word_1_136' title='bbox 342 1991 400 2049; x_wconf 87' lang='lat' dir='ltr'><strong>erit</strong></span> <span class='ocrx_word' id='word_1_137' title='bbox 426 1989 572 2051; x_wconf 83' lang='lat' dir='ltr'><strong>fortitudo</strong></span> <span class='ocrx_word' id='word_1_138' title='bbox 596 1999 718 2069; x_wconf 74' lang='lat' dir='ltr'><strong>nostra,</strong></span> <span class='ocrx_word' id='word_1_139' title='bbox 747 2000 777 2051; x_wconf 89' lang='lat' dir='ltr'><strong>et</strong></span> <span class='ocrx_word' id='word_1_140' title='bbox 806 1992 945 2053; x_wconf 87' lang='lat' dir='ltr'><strong>dixistis:</strong></span> <span class='ocrx_word' id='word_1_141' title='bbox 973 2010 1178 2071; x_wconf 88' lang='lat' dir='ltr'><strong>nequaquam,</strong></span> 
     </span>
     <span class='ocr_line' id='line_1_19' title="bbox 259 2058 1179 2155; baseline 0.002 -24"><span class='ocrx_word' id='word_1_142' title='bbox 259 2072 312 2132; x_wconf 92' lang='lat' dir='ltr'><strong>sed</strong></span> <span class='ocrx_word' id='word_1_143' title='bbox 339 2071 378 2132; x_wconf 88' lang='lat' dir='ltr'><strong>ad</strong></span> <span class='ocrx_word' id='word_1_144' title='bbox 401 2058 497 2151; x_wconf 71' lang='lat' dir='ltr'><strong>equos</strong></span> <span class='ocrx_word' id='word_1_145' title='bbox 519 2074 679 2153; x_wconf 85' lang='lat' dir='ltr'><strong>fugiemus,</strong></span> <span class='ocrx_word' id='word_1_146' title='bbox 702 2075 774 2135; x_wconf 91' lang='lat' dir='ltr'><strong>ideo</strong></span> <span class='ocrx_word' id='word_1_147' title='bbox 798 2075 919 2155; x_wconf 84' lang='lat' dir='ltr'><strong>fugietis</strong></span> <span class='ocrx_word' id='word_1_148' title='bbox 942 2081 974 2136; x_wconf 88' lang='lat' dir='ltr'><strong>et</strong></span> <span class='ocrx_word' id='word_1_149' title='bbox 990 2076 1179 2155; x_wconf 86' lang='lat' dir='ltr'><strong>fugabimini,</strong></span> 
     </span>
     <span class='ocr_line' id='line_1_20' title="bbox 261 2155 1179 2239; baseline 0.001 -24"><span class='ocrx_word' id='word_1_150' title='bbox 261 2161 291 2215; x_wconf 91' lang='lat' dir='ltr'><strong>et</strong></span> <span class='ocrx_word' id='word_1_151' title='bbox 310 2155 485 2215; x_wconf 78' lang='lat' dir='ltr'><strong>velociores</strong></span> <span class='ocrx_word' id='word_1_152' title='bbox 506 2165 604 2232; x_wconf 89' lang='lat' dir='ltr'><strong>erunt,</strong></span> <span class='ocrx_word' id='word_1_153' title='bbox 627 2158 678 2235; x_wconf 91' lang='lat' dir='ltr'><strong>qui</strong></span> <span class='ocrx_word' id='word_1_154' title='bbox 700 2166 870 2236; x_wconf 86' lang='lat' dir='ltr'><strong>sequuntur</strong></span> <span class='ocrx_word' id='word_1_155' title='bbox 887 2177 954 2219; x_wconf 89' lang='lat' dir='ltr'><strong>vos.</strong></span> <span class='ocrx_word' id='word_1_156' title='bbox 981 2157 1079 2239; x_wconf 65' lang='lat' dir='ltr'><strong>igitur</strong></span> <span class='ocrx_word' id='word_1_157' title='bbox 1090 2158 1179 2237; x_wconf 86' lang='lat' dir='ltr'><strong>eulpa</strong></span> 
     </span>
     <span class='ocr_line' id='line_1_21' title="bbox 260 2238 1180 2321; baseline 0.003 -25"><span class='ocrx_word' id='word_1_158' title='bbox 260 2238 348 2297; x_wconf 88' lang='lat' dir='ltr'><strong>huius</strong></span> <span class='ocrx_word' id='word_1_159' title='bbox 371 2239 511 2298; x_wconf 86' lang='lat' dir='ltr'><strong>tristitiae</strong></span> <span class='ocrx_word' id='word_1_160' title='bbox 533 2246 581 2299; x_wconf 89' lang='lat' dir='ltr'><strong>est</strong></span> <span class='ocrx_word' id='word_1_161' title='bbox 601 2239 729 2301; x_wconf 83' lang='lat' dir='ltr'><strong>effeetus</strong></span> <span class='ocrx_word' id='word_1_162' title='bbox 751 2241 887 2301; x_wconf 89' lang='lat' dir='ltr'><strong>laetitiae</strong></span> <span class='ocrx_word' id='word_1_163' title='bbox 909 2249 940 2301; x_wconf 92' lang='lat' dir='ltr'><strong>et</strong></span> <span class='ocrx_word' id='word_1_164' title='bbox 960 2242 1094 2321; x_wconf 84' lang='lat' dir='ltr'><strong>gloriae,</strong></span> <span class='ocrx_word' id='word_1_165' title='bbox 1117 2242 1180 2319; x_wconf 91' lang='lat' dir='ltr'><strong>qui-</strong></span> 
     </span>
     <span class='ocr_line' id='line_1_22' title="bbox 261 2320 1180 2404; baseline 0.001 -22"><span class='ocrx_word' id='word_1_166' title='bbox 261 2320 314 2382; x_wconf 89' lang='lat' dir='ltr'><strong>bus</strong></span> <span class='ocrx_word' id='word_1_167' title='bbox 345 2322 370 2381; x_wconf 90' lang='lat' dir='ltr'><strong>si</strong></span> <span class='ocrx_word' id='word_1_168' title='bbox 406 2340 469 2382; x_wconf 91' lang='lat' dir='ltr'><strong>uon</strong></span> <span class='ocrx_word' id='word_1_169' title='bbox 507 2328 590 2383; x_wconf 89' lang='lat' dir='ltr'><strong>esset</strong></span> <span class='ocrx_word' id='word_1_170' title='bbox 630 2324 838 2404; x_wconf 82' lang='lat' dir='ltr'><strong>agglutinatus</strong></span> <span class='ocrx_word' id='word_1_171' title='bbox 877 2324 1077 2386; x_wconf 78' lang='lat' dir='ltr'><strong>adversitates</strong></span> <span class='ocrx_word' id='word_1_172' title='bbox 1105 2322 1180 2384; x_wconf 91' lang='lat' dir='ltr'><strong>nihil</strong></span> 
     </span>
     <span class='ocr_line' id='line_1_23' title="bbox 258 2410 493 2484; baseline 0 -20"><span class='ocrx_word' id='word_1_173' title='bbox 258 2410 421 2484; x_wconf 81' lang='lat' dir='ltr'><strong>reputaret.</strong></span> <span class='ocrx_word' id='word_1_174' title='bbox 487 2414 493 2420; x_wconf 83' lang='grc'><em>“</em></span> 
     </span>
    </p>

    <p class='ocr_par' dir='ltr' id='par_1_3' title="bbox 259 2487 1181 3065">
     <span class='ocr_line' id='line_1_24' title="bbox 340 2487 1180 2568; baseline 0 -20"><span class='ocrx_word' id='word_1_175' title='bbox 340 2487 515 2548; x_wconf 81' lang='lat' dir='ltr'><strong>Secundum</strong></span> <span class='ocrx_word' id='word_1_176' title='bbox 538 2489 677 2549; x_wconf 88' lang='lat' dir='ltr'><strong>similiter</strong></span> <span class='ocrx_word' id='word_1_177' title='bbox 696 2495 792 2568; x_wconf 86' lang='lat' dir='ltr'><strong>patet,</strong></span> <span class='ocrx_word' id='word_1_178' title='bbox 814 2489 896 2568; x_wconf 87' lang='lat' dir='ltr'><strong>qnod</strong></span> <span class='ocrx_word' id='word_1_179' title='bbox 919 2490 1005 2549; x_wconf 89' lang='lat' dir='ltr'><strong>multi</strong></span> <span class='ocrx_word' id='word_1_180' title='bbox 1025 2496 1056 2549; x_wconf 90' lang='lat' dir='ltr'><strong>et</strong></span> <span class='ocrx_word' id='word_1_181' title='bbox 1076 2490 1180 2568; x_wconf 74' lang='lat' dir='ltr'><strong>magni</strong></span> 
     </span>
     <span class='ocr_line' id='line_1_25' title="bbox 260 2571 1179 2651; baseline 0.001 -21"><span class='ocrx_word' id='word_1_182' title='bbox 260 2576 439 2649; x_wconf 81' lang='lat' dir='ltr'><strong>pensatores</strong></span> <span class='ocrx_word' id='word_1_183' title='bbox 469 2571 545 2630; x_wconf 88' lang='lat' dir='ltr'><strong>salvi</strong></span> <span class='ocrx_word' id='word_1_184' title='bbox 575 2572 647 2632; x_wconf 84' lang='lat' dir='ltr'><strong>fasti</strong></span> <span class='ocrx_word' id='word_1_185' title='bbox 684 2581 770 2651; x_wconf 89' lang='lat' dir='ltr'><strong>sunt,</strong></span> <span class='ocrx_word' id='word_1_186' title='bbox 808 2574 859 2651; x_wconf 92' lang='lat' dir='ltr'><strong>qui</strong></span> <span class='ocrx_word' id='word_1_187' title='bbox 894 2573 968 2633; x_wconf 88' lang='lat' dir='ltr'><strong>salvi</strong></span> <span class='ocrx_word' id='word_1_188' title='bbox 1003 2573 1075 2632; x_wconf 83' lang='lat' dir='ltr'><strong>faeti</strong></span> <span class='ocrx_word' id='word_1_189' title='bbox 1116 2590 1179 2632; x_wconf 90' lang='lat' dir='ltr'><strong>non</strong></span> 
     </span>
     <span class='ocr_line' id='line_1_26' title="bbox 260 2646 1179 2735; baseline -0.001 -21"><span class='ocrx_word' id='word_1_190' title='bbox 260 2661 378 2730; x_wconf 89' lang='lat' dir='ltr'><strong>essent,</strong></span> <span class='ocrx_word' id='word_1_191' title='bbox 422 2655 448 2712; x_wconf 90' lang='lat' dir='ltr'><strong>si</strong></span> <span class='ocrx_word' id='word_1_192' title='bbox 482 2646 644 2714; x_wconf 84' lang='lat' dir='ltr'><strong>multitudo</strong></span> <span class='ocrx_word' id='word_1_193' title='bbox 679 2664 877 2734; x_wconf 82' lang='lat' dir='ltr'><strong>pennatorum</strong></span> <span class='ocrx_word' id='word_1_194' title='bbox 916 2662 1095 2735; x_wconf 78' lang='lat' dir='ltr'><strong>operaretur</strong></span> <span class='ocrx_word' id='word_1_195' title='bbox 1129 2653 1179 2714; x_wconf 94' lang='lat' dir='ltr'><strong>de-</strong></span> 
     </span>
     <span class='ocr_line' id='line_1_27' title="bbox 260 2737 1181 2818; baseline 0.002 -23"><span class='ocrx_word' id='word_1_196' title='bbox 260 2738 484 2817; x_wconf 64' lang='lat' dir='ltr'><strong>sperationem</strong></span> <span class='ocrx_word' id='word_1_197' title='bbox 507 2737 562 2796; x_wconf 90' lang='lat' dir='ltr'><strong>sed</strong></span> <span class='ocrx_word' id='word_1_198' title='bbox 583 2738 774 2798; x_wconf 89' lang='lat' dir='ltr'><strong>inordinatus</strong></span> <span class='ocrx_word' id='word_1_199' title='bbox 798 2738 925 2798; x_wconf 84' lang='lat' dir='ltr'><strong>effeetus</strong></span> <span class='ocrx_word' id='word_1_200' title='bbox 938 2745 1127 2818; x_wconf 78' lang='lat' dir='ltr'><strong>respectans,</strong></span> <span class='ocrx_word' id='word_1_201' title='bbox 1150 2745 1181 2798; x_wconf 89' lang='lat' dir='ltr'><strong>st</strong></span> 
     </span>
     <span class='ocr_line' id='line_1_28' title="bbox 260 2819 1181 2900; baseline 0 -20"><span class='ocrx_word' id='word_1_202' title='bbox 260 2829 399 2900; x_wconf 86' lang='lat' dir='ltr'><strong>tempore</strong></span> <span class='ocrx_word' id='word_1_203' title='bbox 432 2819 657 2898; x_wconf 88' lang='lat' dir='ltr'><strong>desperationis</strong></span> <span class='ocrx_word' id='word_1_204' title='bbox 686 2822 844 2900; x_wconf 84' lang='lat' dir='ltr'><strong>requirens</strong></span> <span class='ocrx_word' id='word_1_205' title='bbox 877 2820 959 2882; x_wconf 91' lang='lat' dir='ltr'><strong>bona</strong></span> <span class='ocrx_word' id='word_1_206' title='bbox 986 2828 1071 2898; x_wconf 88' lang='lat' dir='ltr'><strong>sunt,</strong></span> <span class='ocrx_word' id='word_1_207' title='bbox 1101 2838 1181 2898; x_wconf 88' lang='lat' dir='ltr'><strong>quae</strong></span> 
     </span>
     <span class='ocr_line' id='line_1_29' title="bbox 259 2903 1180 2984; baseline 0.002 -22"><span class='ocrx_word' id='word_1_208' title='bbox 259 2910 372 2962; x_wconf 88' lang='lat' dir='ltr'><strong>statuat</strong></span> <span class='ocrx_word' id='word_1_209' title='bbox 394 2912 502 2973; x_wconf 84' lang='lat' dir='ltr'><strong>eontra</strong></span> <span class='ocrx_word' id='word_1_210' title='bbox 521 2911 651 2981; x_wconf 77' lang='lat' dir='ltr'><strong>pensata</strong></span> <span class='ocrx_word' id='word_1_211' title='bbox 672 2923 741 2963; x_wconf 90' lang='lat' dir='ltr'><strong>eum</strong></span> <span class='ocrx_word' id='word_1_212' title='bbox 764 2905 919 2984; x_wconf 82' lang='lat' dir='ltr'><strong>urgentia,</strong></span> <span class='ocrx_word' id='word_1_213' title='bbox 943 2922 1022 2982; x_wconf 89' lang='lat' dir='ltr'><strong>quae</strong></span> <span class='ocrx_word' id='word_1_214' title='bbox 1044 2903 1097 2964; x_wconf 92' lang='lat' dir='ltr'><strong>ubi</strong></span> <span class='ocrx_word' id='word_1_215' title='bbox 1118 2922 1180 2964; x_wconf 91' lang='lat' dir='ltr'><strong>nou</strong></span> 
     </span>
     <span class='ocr_line' id='line_1_30' title="bbox 259 2986 1181 3065; baseline 0 -20"><span class='ocrx_word' id='word_1_216' title='bbox 259 2987 392 3064; x_wconf 88' lang='lat' dir='ltr'><strong>invenit,</strong></span> <span class='ocrx_word' id='word_1_217' title='bbox 420 2987 559 3060; x_wconf 79' lang='lat' dir='ltr'><strong>nescius,</strong></span> <span class='ocrx_word' id='word_1_218' title='bbox 585 2986 668 3065; x_wconf 89' lang='lat' dir='ltr'><strong>quod</strong></span> <span class='ocrx_word' id='word_1_219' title='bbox 697 2987 736 3046; x_wconf 86' lang='lat' dir='ltr'><strong>ad</strong></span> <span class='ocrx_word' id='word_1_220' title='bbox 766 2986 1006 3046; x_wconf 82' lang='lat' dir='ltr'><strong>misericordiam</strong></span> <span class='ocrx_word' id='word_1_221' title='bbox 1028 2987 1086 3047; x_wconf 90' lang='lat' dir='ltr'><strong>Dei</strong></span> <span class='ocrx_word' id='word_1_222' title='bbox 1110 3004 1181 3046; x_wconf 89' lang='lat' dir='ltr'><strong>oon-</strong></span> 
     </span>
    </p>
   </div>
   <div class='ocr_carea' id='block_1_3' title="bbox 258 3067 1279 3160">
    <p class='ocr_par' dir='ltr' id='par_1_4' title="bbox 258 3067 1279 3160">
     <span class='ocr_line' id='line_1_31' title="bbox 258 3067 1279 3160; baseline 0 -32"><span class='ocrx_word' id='word_1_223' title='bbox 258 3067 436 3149; x_wconf 82' lang='lat' dir='ltr'><strong>fugiendum</strong></span> <span class='ocrx_word' id='word_1_224' title='bbox 459 3069 513 3145; x_wconf 91' lang='lat' dir='ltr'><strong>sit,</strong></span> <span class='ocrx_word' id='word_1_225' title='bbox 544 3070 719 3128; x_wconf 79' lang='lat' dir='ltr'><strong>necessario</strong></span> <span class='ocrx_word' id='word_1_226' title='bbox 743 3070 897 3160; x_wconf 86' lang='lat' dir='ltr'><strong>desperat.</strong></span> <span class='ocrx_word' id='word_1_227' title='bbox 949 3069 1000 3129; x_wconf 81' lang='lat' dir='ltr'><strong>sie</strong></span> <span class='ocrx_word' id='word_1_228' title='bbox 1027 3071 1109 3129; x_wconf 88' lang='lat' dir='ltr'><strong>enim</strong></span> <span class='ocrx_word' id='word_1_229' title='bbox 1137 3070 1181 3128; x_wconf 92' lang='lat' dir='ltr'><strong>in·</strong></span> <span class='ocrx_word' id='word_1_230' title='bbox 1277 3069 1279 3073; x_wconf 74' lang='grc'><strong>’</strong></span> 
     </span>
    </p>
   </div>
   <div class='ocr_carea' id='block_1_4' title="bbox 258 3151 1182 3316">
    <p class='ocr_par' dir='ltr' id='par_1_5' title="bbox 258 3151 1182 3316">
     <span class='ocr_line' id='line_1_32' title="bbox 258 3151 1181 3232; baseline 0.002 -23"><span class='ocrx_word' id='word_1_231' title='bbox 258 3151 330 3210; x_wconf 82' lang='lat' dir='ltr'><strong>felix</strong></span> <span class='ocrx_word' id='word_1_232' title='bbox 354 3151 546 3212; x_wconf 82' lang='lat' dir='ltr'><strong>eonsoientia</strong></span> <span class='ocrx_word' id='word_1_233' title='bbox 570 3153 709 3228; x_wconf 88' lang='lat' dir='ltr'><strong>moritur,</strong></span> <span class='ocrx_word' id='word_1_234' title='bbox 739 3159 771 3212; x_wconf 92' lang='lat' dir='ltr'><strong>et</strong></span> <span class='ocrx_word' id='word_1_235' title='bbox 799 3153 837 3210; x_wconf 91' lang='lat' dir='ltr'><strong>ad</strong></span> <span class='ocrx_word' id='word_1_236' title='bbox 866 3152 1010 3212; x_wconf 86' lang='lat' dir='ltr'><strong>iudioium</strong></span> <span class='ocrx_word' id='word_1_237' title='bbox 1035 3153 1092 3213; x_wconf 87' lang='lat' dir='ltr'><strong>Dei</strong></span> <span class='ocrx_word' id='word_1_238' title='bbox 1114 3171 1181 3232; x_wconf 88' lang='lat' dir='ltr'><strong>pro-</strong></span> 
     </span>
     <span class='ocr_line' id='line_1_33' title="bbox 258 3232 1182 3316; baseline -0.001 -22"><span class='ocrx_word' id='word_1_239' title='bbox 258 3253 371 3314; x_wconf 87' lang='lat' dir='ltr'><strong>perans</strong></span> <span class='ocrx_word' id='word_1_240' title='bbox 405 3232 462 3293; x_wconf 90' lang='lat' dir='ltr'><strong>sibi</strong></span> <span class='ocrx_word' id='word_1_241' title='bbox 483 3234 558 3294; x_wconf 90' lang='lat' dir='ltr'><strong>dioit</strong></span> <span class='ocrx_word' id='word_1_242' title='bbox 590 3253 757 3313; x_wconf 80' lang='lat' dir='ltr'><strong>secumque</strong></span> <span class='ocrx_word' id='word_1_243' title='bbox 784 3234 934 3316; x_wconf 86' lang='lat' dir='ltr'><strong>disputat:</strong></span> <span class='ocrx_word' id='word_1_244' title='bbox 978 3235 1079 3315; x_wconf 86' lang='lat' dir='ltr'><strong>Oqui</strong></span> <span class='ocrx_word' id='word_1_245' title='bbox 1101 3253 1182 3295; x_wconf 87' lang='lat' dir='ltr'><strong>nune</strong></span> 
     </span>
    </p>
   </div>
   <div class='ocr_carea' id='block_1_5' title="bbox 258 3316 1292 3396">
    <p class='ocr_par' dir='ltr' id='par_1_6' title="bbox 258 3316 1292 3396">
     <span class='ocr_line' id='line_1_34' title="bbox 258 3316 1292 3396; baseline 0 -20"><span class='ocrx_word' id='word_1_246' title='bbox 258 3317 354 3376; x_wconf 89' lang='lat' dir='ltr'><strong>multa</strong></span> <span class='ocrx_word' id='word_1_247' title='bbox 372 3317 605 3377; x_wconf 81' lang='lat' dir='ltr'><strong>bonafeoisset!</strong></span> <span class='ocrx_word' id='word_1_248' title='bbox 640 3316 729 3396; x_wconf 90' lang='lat' dir='ltr'><strong>Oqui</strong></span> <span class='ocrx_word' id='word_1_249' title='bbox 748 3318 925 3378; x_wconf 85' lang='lat' dir='ltr'><strong>nunomala</strong></span> <span class='ocrx_word' id='word_1_250' title='bbox 947 3319 1084 3378; x_wconf 85' lang='lat' dir='ltr'><strong>lenisset!</strong></span> <span class='ocrx_word' id='word_1_251' title='bbox 1122 3317 1182 3390; x_wconf 73' lang='lat' dir='ltr'><strong>Qui</strong></span> <span class='ocrx_word' id='word_1_252' title='bbox 1289 3345 1292 3358; x_wconf 85' lang='lat'><em>-</em></span> 
     </span>
    </p>
   </div>
   <div class='ocr_carea' id='block_1_6' title="bbox 257 3398 1204 4062">
    <p class='ocr_par' dir='ltr' id='par_1_7' title="bbox 257 3398 1204 4062">
     <span class='ocr_line' id='line_1_35' title="bbox 258 3398 1183 3480; baseline 0 -21"><span class='ocrx_word' id='word_1_253' title='bbox 258 3410 341 3459; x_wconf 81' lang='lat' dir='ltr'><strong>nuno</strong></span> <span class='ocrx_word' id='word_1_254' title='bbox 375 3417 498 3478; x_wconf 89' lang='lat' dir='ltr'><strong>semper</strong></span> <span class='ocrx_word' id='word_1_255' title='bbox 536 3401 667 3460; x_wconf 88' lang='lat' dir='ltr'><strong>mundns</strong></span> <span class='ocrx_word' id='word_1_256' title='bbox 698 3403 933 3480; x_wconf 88' lang='lat' dir='ltr'><strong>permansisset!</strong></span> <span class='ocrx_word' id='word_1_257' title='bbox 975 3401 1061 3460; x_wconf 89' lang='lat' dir='ltr'><strong>Haeo</strong></span> <span class='ocrx_word' id='word_1_258' title='bbox 1088 3398 1183 3460; x_wconf 89' lang='lat' dir='ltr'><strong>verba</strong></span> 
     </span>
     <span class='ocr_line' id='line_1_36' title="bbox 257 3478 1183 3563; baseline 0 -21"><span class='ocrx_word' id='word_1_259' title='bbox 257 3484 352 3563; x_wconf 89' lang='lat' dir='ltr'><strong>plens</strong></span> <span class='ocrx_word' id='word_1_260' title='bbox 374 3478 540 3561; x_wconf 82' lang='lat' dir='ltr'><strong>stultitiae,</strong></span> <span class='ocrx_word' id='word_1_261' title='bbox 571 3501 632 3561; x_wconf 90' lang='lat' dir='ltr'><strong>qua</strong></span> <span class='ocrx_word' id='word_1_262' title='bbox 659 3484 744 3542; x_wconf 88' lang='lat' dir='ltr'><strong>nulla</strong></span> <span class='ocrx_word' id='word_1_263' title='bbox 771 3491 819 3544; x_wconf 90' lang='lat' dir='ltr'><strong>est</strong></span> <span class='ocrx_word' id='word_1_264' title='bbox 841 3485 947 3545; x_wconf 88' lang='lat' dir='ltr'><strong>maior.</strong></span> <span class='ocrx_word' id='word_1_265' title='bbox 992 3483 1071 3558; x_wconf 79' lang='lat' dir='ltr'><strong>Quid</strong></span> <span class='ocrx_word' id='word_1_266' title='bbox 1094 3482 1183 3542; x_wconf 88' lang='lat' dir='ltr'><strong>aliter</strong></span> 
     </span>
     <span class='ocr_line' id='line_1_37' title="bbox 258 3558 1204 3646; baseline -0.003 -19"><span class='ocrx_word' id='word_1_267' title='bbox 258 3566 402 3645; x_wconf 85' lang='lat' dir='ltr'><strong>probant,</strong></span> <span class='ocrx_word' id='word_1_268' title='bbox 425 3583 516 3644; x_wconf 91' lang='lat' dir='ltr'><strong>quam</strong></span> <span class='ocrx_word' id='word_1_269' title='bbox 539 3566 620 3645; x_wconf 87' lang='lat' dir='ltr'><strong>quod</strong></span> <span class='ocrx_word' id='word_1_270' title='bbox 644 3585 705 3626; x_wconf 91' lang='lat' dir='ltr'><strong>nou</strong></span> <span class='ocrx_word' id='word_1_271' title='bbox 728 3567 759 3626; x_wconf 94' lang='lat' dir='ltr'><strong>in</strong></span> <span class='ocrx_word' id='word_1_272' title='bbox 774 3567 882 3643; x_wconf 87' lang='lat' dir='ltr'><strong>Deum,</strong></span> <span class='ocrx_word' id='word_1_273' title='bbox 905 3558 959 3626; x_wconf 85' lang='lat' dir='ltr'><strong>sed</strong></span> <span class='ocrx_word' id='word_1_274' title='bbox 981 3565 1064 3626; x_wconf 89' lang='lat' dir='ltr'><strong>bona</strong></span> <span class='ocrx_word' id='word_1_275' title='bbox 1087 3566 1204 3646; x_wconf 88' lang='lat' dir='ltr'><strong>opera&#39;</strong></span> 
     </span>
     <span class='ocr_line' id='line_1_38' title="bbox 259 3647 1183 3729; baseline -0.001 -22"><span class='ocrx_word' id='word_1_276' title='bbox 259 3649 386 3729; x_wconf 85' lang='lat' dir='ltr'><strong>sperat?</strong></span> <span class='ocrx_word' id='word_1_277' title='bbox 430 3648 587 3728; x_wconf 82' lang='lat' dir='ltr'><strong>Siquidem</strong></span> <span class='ocrx_word' id='word_1_278' title='bbox 609 3656 673 3709; x_wconf 91' lang='lat' dir='ltr'><strong>tum</strong></span> <span class='ocrx_word' id='word_1_279' title='bbox 695 3649 915 3726; x_wconf 85' lang='lat' dir='ltr'><strong>nonlidentius,</strong></span> <span class='ocrx_word' id='word_1_280' title='bbox 941 3654 972 3708; x_wconf 91' lang='lat' dir='ltr'><strong>et</strong></span> <span class='ocrx_word' id='word_1_281' title='bbox 999 3647 1125 3711; x_wconf 83' lang='lat' dir='ltr'><strong>hilarius</strong></span> <span class='ocrx_word' id='word_1_282' title='bbox 1148 3665 1183 3706; x_wconf 89' lang='lat' dir='ltr'><strong>se</strong></span> 
     </span>
     <span class='ocr_line' id='line_1_39' title="bbox 261 3729 1182 3812; baseline 0 -22"><span class='ocrx_word' id='word_1_283' title='bbox 261 3751 386 3812; x_wconf 86' lang='lat' dir='ltr'><strong>sperare</strong></span> <span class='ocrx_word' id='word_1_284' title='bbox 410 3731 491 3792; x_wconf 88' lang='lat' dir='ltr'><strong>velle</strong></span> <span class='ocrx_word' id='word_1_285' title='bbox 513 3732 586 3791; x_wconf 83' lang='lat' dir='ltr'><strong>dicit</strong></span> <span class='ocrx_word' id='word_1_286' title='bbox 608 3742 767 3811; x_wconf 75' lang='lat' dir='ltr'><strong>esposse,</strong></span> <span class='ocrx_word' id='word_1_287' title='bbox 791 3733 817 3792; x_wconf 93' lang='lat' dir='ltr'><strong>si</strong></span> <span class='ocrx_word' id='word_1_288' title='bbox 839 3729 1063 3791; x_wconf 89' lang='lat' dir='ltr'><strong>multitudinem</strong></span> <span class='ocrx_word' id='word_1_289' title='bbox 1088 3730 1182 3790; x_wconf 91' lang='lat' dir='ltr'><strong>bono·</strong></span> 
     </span>
     <span class='ocr_line' id='line_1_40' title="bbox 259 3812 1182 3894; baseline -0.003 -20"><span class='ocrx_word' id='word_1_290' title='bbox 259 3835 323 3874; x_wconf 88' lang='lat' dir='ltr'><strong>mm</strong></span> <span class='ocrx_word' id='word_1_291' title='bbox 347 3833 478 3894; x_wconf 86' lang='lat' dir='ltr'><strong>operum</strong></span> <span class='ocrx_word' id='word_1_292' title='bbox 500 3815 626 3875; x_wconf 90' lang='lat' dir='ltr'><strong>haberet</strong></span> <span class='ocrx_word' id='word_1_293' title='bbox 648 3822 679 3875; x_wconf 90' lang='lat' dir='ltr'><strong>et</strong></span> <span class='ocrx_word' id='word_1_294' title='bbox 700 3816 845 3874; x_wconf 88' lang='lat' dir='ltr'><strong>iustitiae.</strong></span> <span class='ocrx_word' id='word_1_295' title='bbox 881 3814 913 3874; x_wconf 79' lang='lat' dir='ltr'><strong>Si</strong></span> <span class='ocrx_word' id='word_1_296' title='bbox 931 3813 1011 3874; x_wconf 89' lang='lat' dir='ltr'><strong>enim</strong></span> <span class='ocrx_word' id='word_1_297' title='bbox 1034 3812 1066 3872; x_wconf 92' lang='lat' dir='ltr'><strong>in</strong></span> <span class='ocrx_word' id='word_1_298' title='bbox 1083 3813 1182 3874; x_wconf 89' lang='lat' dir='ltr'><strong>Deum</strong></span> 
     </span>
     <span class='ocr_line' id='line_1_41' title="bbox 262 3896 1182 3978; baseline 0 -23"><span class='ocrx_word' id='word_1_299' title='bbox 262 3904 364 3977; x_wconf 87' lang='lat' dir='ltr'><strong>sperat</strong></span> <span class='ocrx_word' id='word_1_300' title='bbox 393 3904 519 3977; x_wconf 87' lang='lat' dir='ltr'><strong>propter</strong></span> <span class='ocrx_word' id='word_1_301' title='bbox 541 3898 623 3959; x_wconf 88' lang='lat' dir='ltr'><strong>bona</strong></span> <span class='ocrx_word' id='word_1_302' title='bbox 644 3917 754 3977; x_wconf 87' lang='lat' dir='ltr'><strong>opera,</strong></span> <span class='ocrx_word' id='word_1_303' title='bbox 781 3899 873 3978; x_wconf 83' lang='lat' dir='ltr'><strong>igitur</strong></span> <span class='ocrx_word' id='word_1_304' title='bbox 901 3897 932 3956; x_wconf 87' lang='lat' dir='ltr'><strong>in</strong></span> <span class='ocrx_word' id='word_1_305' title='bbox 961 3914 1056 3974; x_wconf 83' lang='lat' dir='ltr'><strong>opera</strong></span> <span class='ocrx_word' id='word_1_306' title='bbox 1085 3896 1182 3975; x_wconf 82' lang='lat' dir='ltr'><strong>magis</strong></span> 
     </span>
     <span class='ocr_line' id='line_1_42' title="bbox 263 3978 1182 4062; baseline 0 -22"><span class='ocrx_word' id='word_1_307' title='bbox 263 3998 350 4059; x_wconf 88' lang='lat' dir='ltr'><strong>quam</strong></span> <span class='ocrx_word' id='word_1_308' title='bbox 373 3981 404 4041; x_wconf 94' lang='lat' dir='ltr'><strong>in</strong></span> <span class='ocrx_word' id='word_1_309' title='bbox 428 3980 538 4062; x_wconf 89' lang='lat' dir='ltr'><strong>Deum,</strong></span> <span class='ocrx_word' id='word_1_310' title='bbox 560 4000 620 4061; x_wconf 90' lang='lat' dir='ltr'><strong>quo</strong></span> <span class='ocrx_word' id='word_1_311' title='bbox 643 3980 715 4060; x_wconf 92' lang='lat' dir='ltr'><strong>quid</strong></span> <span class='ocrx_word' id='word_1_312' title='bbox 737 3981 836 4060; x_wconf 85' lang='lat' dir='ltr'><strong>magis</strong></span> <span class='ocrx_word' id='word_1_313' title='bbox 869 3978 1043 4040; x_wconf 88' lang='lat' dir='ltr'><strong>horribilius</strong></span> <span class='ocrx_word' id='word_1_314' title='bbox 1069 3986 1100 4041; x_wconf 92' lang='lat' dir='ltr'><strong>et</strong></span> <span class='ocrx_word' id='word_1_315' title='bbox 1122 3998 1182 4040; x_wconf 77' lang='lat' dir='ltr'><strong>ma</strong></span> 
     </span>
    </p>
   </div>
   <div class='ocr_carea' id='block_1_7' title="bbox 0 0 1544 4750">
    <p class='ocr_par' dir='ltr' id='par_1_8' title="bbox 0 0 1544 4750">
     <span class='ocr_line' id='line_1_43' title="bbox 0 0 1544 4750; baseline 0 0"><span class='ocrx_word' id='word_1_316' title='bbox 0 0 1544 4750; x_wconf 95' lang='lat' dir='ltr'><strong> </strong></span> 
     </span>
    </p>
   </div>
  </div>
 </body>
</html>
