3075 4750
494 1165 681 1304 Lntieri
709 1162 909 1285 Epistola

683 1354 722 1415 nd

238 1473 407 1538 libertum
422 1469 708 1555 llogdebnrgsnsis
725 1490 763 1533 eo
779 1469 1035 1555 Mogentinensis
1057 1470 1160 1535 seols-

518 1589 587 1652 siae
608 1588 883 1675 arehiepiscopum

690 1738 723 1793 et

446 1844 482 1939 D
512 1844 530 1939 i
557 1870 580 1939 s
610 1870 639 1965 p
670 1869 699 1941 u
728 1850 750 1940 t
779 1874 807 1941 a
835 1850 857 1940 t
885 1843 954 1941 io

315 2064 377 2128 pro
400 2024 615 2109 declaratione
636 2045 762 2110 virtutis
782 2044 1063 2129 indulgentiarum.
1145 2080 1151 2089 ·

657 2190 748 2277 non.

543 2571 871 2671 Praelatio

336 2738 412 2844 Quo
434 2763 604 2828 aoouratins
624 2767 751 2848 quidde
768 2765 970 2850 Indulgentiis
987 2768 1162 2832 ann01517

241 2855 289 2934 egi
321 2857 465 2930 coeptum
497 2851 536 2911 sit
556 2851 760 2934 intelligatur,
792 2869 893 2932 panea
920 2851 959 2911 de
984 2849 1050 2912 istis
1078 2869 1164 2932 prae·

241 2934 336 2996 tenda
358 2951 427 2994 esse
449 2933 598 2997 videntur.

323 3015 534 3097 indulgentias
557 3017 618 3078 iam
638 3017 743 3079 seoulo
758 3023 867 3097 quarto
881 3015 1000 3078 deoimo
1014 3025 1045 3077 et
1058 3017 1163 3096 quinto

239 3102 365 3162 decimo
398 3101 429 3159 in
456 3101 542 3160 varie
571 3106 602 3162 et
631 3100 813 3162 secularium
836 3107 868 3161 et
889 3099 1165 3162 ecclesiasticarum

241 3203 345 3246 rernm
388 3182 553 3244 commoda
593 3183 734 3244 venditas
774 3203 857 3264 esse,
899 3184 1022 3244 uberius
1061 3183 1167 3244 doouit

239 3267 276 3328 V.
297 3259 338 3327 Ε.
360 3265 524 3346 Loeseher,
567 3267 598 3326 ni
620 3265 650 3327 in
670 3265 748 3327 libro
765 3283 837 3327 suo:
862 3263 1165 3348 Vollsmendigelte-

240 3349 512 3429 formationsaeta,
541 3283 628 3413 'dona
649 3344 665 3410 1
685 3369 717 3430 p.
739 3351 798 3414 357
822 3369 888 3430 sqq.
906 3349 1165 3432 indulgentiarum

168 3443 169 3447 ’
240 3433 405 3494 historiam
437 3429 629 3492 adumbravit
661 3439 691 3492 et
721 3432 880 3512 complura
906 3432 1164 3514 indulgentiarum

241 3515 312 3576 inde
336 3513 376 3576 ab
399 3533 480 3576 anno
506 3517 584 3580 1457
607 3515 755 3582 editarum
780 3515 968 3598 exemplaria
985 3517 1016 3576 in
1031 3513 1164 3576 medium

241 3597 387 3678 protulit3
408 3596 493 3658 nullo
516 3605 618 3660 autem
640 3604 902 3680 temporalisque
924 3597 1163 3661 acriore'etudio

243 3702 298 3743 neo
320 3681 440 3742 maiore
463 3683 670 3743 ostentatione
693 3699 753 3743 neo
772 3682 909 3764 pluribus
932 3683 1008 3743 loeis
1028 3680 1163 3741 vendite-

244 3764 445 3846 bsnturistae
457 3783 548 3845 quam
560 3765 616 3826 snb
629 3764 734 3826 Leone
748 3762 877 3846 Xpapa,
911 3765 941 3824 ui
954 3763 994 3824 ad
1006 3763 1163 3826 basilicam

244 3847 272 3908 S.
288 3847 374 3910 Petri
397 3843 621 3908 aedificandam
642 3849 843 3930 plenissimae
859 3783 1067 3928 indulgentias
1088 3865 1162 3906 ven-

244 3930 360 3992 dendas
384 3930 519 3992 durabat.
562 3929 633 4006 Quo
657 3933 755 3992 meins
777 3929 850 3992 inde
872 3929 989 3990 luorum
1005 3944 1162 4015 eompara-

244 4019 334 4096 retnr,
358 4013 535 4094 complures
546 4014 586 4075 ad
601 4013 663 4076 hoo
674 4015 832 4096 negotium
846 4011 1055 4095 peragendum
1072 4013 1165 4073 electi
