3075 4750
584 506 686 559 Contra
704 506 782 565 Obel.
802 510 884 564 Eccii.
903 488 917 508 Χ
1132 486 1194 562 413

272 675 328 735 sad
350 691 543 756 papyraceos
566 680 597 734 et
617 675 728 754 pictos.
773 678 870 742 Simul
901 680 931 739 id
961 675 1109 752 admiror,
1143 691 1196 731 cur

271 778 336 818 nou
366 762 530 820 asteriscos
562 757 724 822 maluerit?
756 765 813 822 nisi
844 764 922 824 forte
945 763 996 822 lux
1029 766 1060 818 et
1081 754 1197 816 candor

271 843 488 903 mteriscorum
500 841 664 922 displicuit,
687 846 740 905 sed
759 846 838 907 livor
859 854 890 907 ct
901 846 1022 925 ferrugo
1046 838 1196 901 obelisco·

271 944 340 984 rum
374 926 501 1005 placuit,
525 927 639 1005 quippe
662 946 725 989 non
749 948 787 989 ea
806 930 959 990 fraternae
981 925 1102 1009 pietatis
1125 939 1214 982 cura-

272 1008 375 1087 subiit,
396 1016 431 1069 ut
450 1010 550 1070 fratris
571 1028 706 1070 errorem
728 1013 852 1073 velletm
873 1032 966 1073 onore
986 1018 1016 1070 ct
1035 1008 1196 1083 illustrare,

273 1092 464 1171 melioraque
496 1091 610 1152 addere
640 1094 804 1173 candidus,
839 1096 895 1156 sed
923 1094 1038 1155 invidia
1063 1089 1198 1165 incessit,

273 1183 309 1234 ut
328 1175 423 1236 vellet
443 1178 578 1237 fraterna
599 1176 700 1237 studia
730 1179 919 1259 calumniari,
943 1178 1124 1251 obscurare,
1146 1171 1198 1233 bo-

276 1275 381 1337 naque
401 1259 562 1319 dehabere
583 1258 705 1320 lividus.

601 1343 623 1403 Ι.
646 1342 865 1423 Οιιοιιιοιιε.*)
1213 1404 1215 1409 .

357 1424 410 1485 Ec.
434 1427 611 1486 Interiorem
626 1428 848 1507 poenitentiam
866 1446 1008 1508 magnam
1030 1442 1098 1486 esse
1116 1424 1199 1484 Chri-

276 1517 342 1568 stus
365 1516 398 1569 et
418 1526 525 1569 omnes
547 1508 710 1569 Christiani
732 1510 913 1585 docuerunt,
945 1508 1095 1589 siquidem
1118 1506 1200 1567 Chri-

276 1600 342 1651 stus
363 1610 418 1651 cor
447 1594 558 1672 aspicit
591 1599 623 1653 et
648 1594 849 1655 voluntatem.
892 1594 995 1655 Vidua
1018 1592 1078 1652 hoo
1099 1591 1201 1667 docet,

275 1691 357 1753 quae
379 1694 452 1735 acra
473 1676 590 1735 minuta
611 1676 672 1737 duo
695 1678 726 1735 in
747 1676 1004 1758 gazophylacium
1028 1676 1147 1755 posuit,
1170 1681 1201 1733 et

276 1758 346 1838 plus
358 1758 500 1819 omnibus
513 1758 604 1837 misit,
627 1755 701 1819 Jesu
714 1766 801 1839 teste,
818 1762 991 1821 estetenim
1008 1758 1150 1820 voluntas
1169 1757 1200 1816 in

277 1843 394 1917 anima,
416 1843 494 1901 sicut
515 1861 570 1902 rex
590 1844 622 1902 in
644 1862 752 1924 regno.

360 1924 448 1985 Luth.
469 1926 530 1986 lste
552 1932 600 1985 est
621 1925 788 2004 obeliscus,
811 1927 973 1987 confossor
985 1926 1093 1987 tertiae
1114 1940 1203 1984 meae

276 2008 517 2087 Propositionis,
559 2010 610 2087 qui
638 2009 710 2088 qnid
732 2009 821 2088 velit,
842 2017 894 2069 aut
916 2008 1072 2089 quomodo
1095 2014 1203 2068 contra

276 2110 328 2151 me
349 2092 398 2171 sit,
420 2110 480 2171 ego
502 2110 565 2153 non
586 2092 736 2173 intelligo,
759 2092 1021 2153 divinabotamen
1047 2091 1137 2165 (licet
1159 2091 1202 2149 in-

278 2176 396 2252 ritus),
431 2176 503 2253 quia
525 2176 620 2236 timeo
647 2194 799 2236 novorum
833 2175 1047 2237 obeliscorum*
1068 2174 1204 2235 occasio·

277 2276 350 2317 nem
372 2257 455 2317 dare.

294 2372 298 2381 ·
326 2339 397 2402 r‘ld
419 2340 558 2403 fortassis
580 2341 698 2403 homini
727 2342 897 2422 displicuit,
931 2341 1012 2421 quod
1042 2360 1101 2422 ego
1130 2340 1204 2420 dixi,

277 2426 458 2486 interiorem
479 2427 701 2506 poenitentiam
726 2444 800 2486 esse·
818 2426 934 2485 nullam
956 2425 1014 2484 nisi
1035 2425 1110 2485 ioris
1132 2443 1204 2506 ope-

277 2515 363 2568 retur
396 2515 454 2568 etc.
498 2509 555 2569 Cui
585 2509 738 2569 obeliscus
776 2509 975 2587 contradicit,
1005 2510 1068 2568 imo
1097 2508 1204 2587 inquit,

278 2609 343 2651 non
364 2591 459 2653 modo
482 2592 632 2672 aliquam,
661 2592 714 2653 sed
738 2611 882 2674 magnam
914 2609 982 2652 esse
1021 2610 1129 2651 omnes
1151 2590 1205 2651 do-

280 2681 419 2736 cuerunt.
462 2670 520 2735 Hic
548 2693 608 2756 ego
636 2675 718 2736 addo
741 2676 874 2755 dicoque
896 2674 978 2755 quod
1001 2676 1039 2735 sit
1061 2675 1205 2750 maxima,
1263 2717 1267 2724 ·

279 2759 508 2838 maximamque
535 2759 574 2819 ab
602 2760 649 2818 sis
677 2759 810 2819 doctam.
854 2759 968 2818 Varum
997 2759 1023 2817 si
1050 2757 1147 2824 solam
1176 2763 1207 2817 et

281 2843 349 2901 sine
371 2859 468 2923 opere
488 2841 563 2902 loris
585 2861 655 2902 eam
676 2861 746 2902 esse
768 2843 833 2902 vult
852 2841 980 2918 Eccius,
1002 2860 1103 2920 spero,
1123 2839 1205 2920 quod

281 2927 344 2984 suis
378 2925 569 2986 scholasticis
599 2927 753 3007 magistris
780 2927 852 2986 satis
884 2927 939 2985 erit
967 2927 1092 2987 invisus.
1136 2923 1207 2985 Non

282 3009 365 3068 enim
387 3016 435 3068 est
454 3026 649 3089 magnanec
670 3027 759 3089 vera,
795 3009 852 3068 nisi
889 3007 1056 3069 efficaciter
1082 3008 1156 3068 velit
1175 3009 1206 3067 in

282 3108 362 3171 opus
383 3092 473 3171 foris,
495 3099 528 3151 ut
549 3111 656 3152 omncs
678 3091 799 3170 dicunt,
821 3091 877 3152 sed
898 3092 1026 3174 Eccius,
1051 3110 1119 3152 cum
1142 3089 1207 3150 nol-

281 3175 328 3235 let
349 3181 462 3252 tacere,
483 3174 559 3236 nihil
581 3182 684 3236 tamen
705 3175 834 3237 haberet
867 3176 949 3256 quod
983 3175 1115 3253 diceret,
1147 3173 1208 3234 hoc

243 3309 247 3317 ,
283 3259 393 3318 saltem
415 3257 521 3318 dixit:-

367 3341 487 3402 Deinde
508 3341 599 3401 illud:
644 3347 691 3401 est
712 3343 794 3401 enim
817 3341 960 3403 voluntas
980 3343 1147 3419 inanima,
1171 3341 1208 3400 si-

284 3431 338 3485 cut
356 3443 412 3485 rex
432 3425 464 3484 in
485 3441 593 3506 reguo,
616 3427 660 3485 sic
681 3431 757 3504 puto
785 3425 1017 3506 intelligendum
1040 3426 1117 3484 sicut
1137 3423 1210 3484 lena

285 3511 317 3568 in
338 3507 521 3588 prostibulo.
565 3507 702 3568 Christus
725 3509 825 3569 estin
847 3510 949 3567 anima
971 3527 1026 3588 per
1046 3506 1155 3586 fldem,
1177 3515 1209 3568 ιιι

286 3611 352 3669 rex,
373 3591 518 3652 voluntas
539 3600 573 3652 ut
595 3609 699 3670 serva,
723 3591 866 3651 voluntas
889 3609 963 3652 vero
986 3608 1019 3650 se
1042 3590 1110 3650 sola
1131 3609 1208 3651 sem-

285 3695 341 3757 per
363 3682 411 3735 est
431 3676 592 3754 meretrix,
624 3681 656 3735 et
683 3690 791 3735 omnes
812 3674 893 3734 vires
915 3673 1009 3734 habet
1029 3676 1209 3750 meretricis,

286 3767 378 3838 atque
400 3760 509 3837 etiam,
547 3759 572 3818 si
593 3758 735 3817 idsuum
758 3757 938 3838 figmentum
960 3759 1004 3817 ita
1026 3765 1117 3836 esset,
1146 3775 1209 3818 non

286 3843 389 3920 video,
403 3841 475 3920 quid
489 3842 551 3902 hoc
563 3841 601 3901 ad
613 3860 677 3901 rem
689 3841 771 3919 facit,
784 3846 818 3900 ut
827 3841 955 3901 interior
966 3841 1158 3920 poenitentia
1171 3841 1211 3900 sit

270 3945 410 4019 «magna,
433 3927 504 4004 quia
524 3923 668 3986 voluntas
688 3931 737 3984 est
760 3922 904 4004 maxima,
927 3931 959 3986 et
968 3925 1075 4005 regina
1092 3925 1210 3987 virium.

343 4083 371 4148 ⁹)
391 4041 496 4135 Contra
513 4079 538 4135 3.
558 4079 679 4133 conclus.
700 4078 821 4132 Lutheri.
