3075 4750
597 494 624 548 ο,
645 474 716 542 15ἴ7
733 480 830 568 debiti.

530 710 532 716 ’
642 726 788 824 Sermo

400 926 458 989 ne
476 928 690 991 maveteus
710 928 799 989 rann
832 949 860 993 a.
884 895 1009 1010 1517'..)

471 1090 517 1155 de
536 1093 758 1157 relictione
784 1096 961 1157 omnium.

330 1259 518 1340 Oentrrplum
538 1260 672 1341 aooipiet
691 1250 726 1320 et
746 1261 841 1323 vitem
863 1266 1020 1323 aeternam
1032 1262 1167 1341 posside

242 1346 299 1407 bit.
343 1344 404 1404 llio
434 1342 563 1404 hebetur
591 1342 788 1423 evangelium
815 1352 847 1405 et
876 1342 1016 1405 hie'flnis
1039 1352 1086 1405 est
1108 1364 1171 1406 orn-
1198 1386 1201 1401 .

243 1430 330 1489 nium
352 1425 570 1487 mandatorum
591 1424 666 1506 Dei,
698 1432 733 1486 ut
759 1426 833 1489 nudi
854 1446 1001 1489 exuamur
1017 1427 1063 1489 ab
1085 1429 1169 1490 omni

243 1509 517 1591 eoneupiuoentia,
544 1526 638 1589 puros
661 1509 745 1569 enim
767 1516 799 1571 et
820 1516 944 1571 sanetus
966 1528 1004 1571 ee
1024 1512 1168 1572 immaou-

242 1596 328 1655 lutou
350 1612 411 1653 noe
432 1610 503 1653 eeee
526 1596 651 1673 oportet
670 1599 701 1652 et
727 1593 803 1653 nulli
832 1612 956 1674 prorsus
984 1594 1029 1655 rei
1058 1612 1169 1654 eonon·

241 1674 418 1759 p‘uuendoe
437 1674 617 1736 edhaerere.
659 1674 763 1750 Quere
784 1676 979 1757 euangelium
998 1676 1072 1737 nihil
1086 1676 1167 1737 eliud

244 1767 304 1840 eet,
328 1778 425 1839 quem
444 1757 594 1819 revelatio
614 1764 646 1818 et
666 1758 879 1839 interpretatio
902 1759 1013 1821 veteris
1034 1756 1170 1843 legie*),

244 1844 320 1924 quia
341 1860 408 1903 nou
430 1839 598 1919 moeulreri
618 1859 681 1903 non
703 1842 805 1922 iraeei,
826 1862 889 1904 non
912 1842 1018 1921 fuori,
1039 1862 1082 1905 re·
1097 1862 1172 1905 vera

243 1933 277 1988 at
296 1932 389 1987 reete
408 1922 615 2005 intelligentia
633 1924 710 1985 nihil
729 1930 779 1987 eet
798 1924 881 1987 eliud
899 1943 990 2006 quum
1012 1944 1075 1987 non
1099 1944 1170 1999 oon-

244 2010 420 2091 eupieeere,
441 2006 516 2067 nulli
537 2005 708 2069 adhaerere
726 2014 897 2087 creaturae,
919 2009 1065 2089 seipsum
1077 2016 1171 2088 atque

243 2094 385 2153 enimam
407 2108 493 2151 uuum
516 2089 632 2159 odisee.
675 2089 754 2152 Num
777 2091 831 2152 illa
851 2092 1101 2172 eonoupieeentia
1123 2099 1171 2153 eut

243 2193 344 2237 uenae
366 2174 504 2234 omniurn
524 2172 670 2250 rixarum,
690 2173 799 2254 litium,
821 2174 989 2254 bellorum,
1018 2173 1168 2254 caedium,

244 2256 435 2321 tumultuum
455 2256 551 2317 totine
572 2255 694 2336 mundi,
715 2263 750 2317 ut
768 2276 843 2319 vere
869 2257 980 2319 dixerit
999 2258 1170 2337 apostulus,
1247 2276 1255 2293 Χ

245 2340 404 2424 eupiditee
425 2337 515 2401 radix
535 2339 670 2402 omnium
692 2340 857 2421 melorum,
885 2341 958 2422 quia
976 2360 1084 2421 perum
1106 2358 1169 2402 oue

245 2427 324 2486 nino
347 2428 487 2506 prueatut
503 2424 567 2485 niei
582 2422 821 2485 ubsdnentia-et
840 2424 1000 2486 relictione
1024 2423 1170 2485 omnium.

246 2507 353 2585 Quare
383 2501 558 2586 relinquere
585 2508 690 2568 omniu
718 2507 781 2568 hoo
808 2508 909 2588 ipsum
928 2506 1017 2568 radix
1038 2513 1086 2568 aot
1106 2525 1170 2568 orn-
1272 2524 1274 2529 ·

245 2593 334 2652 nium
356 2588 521 2651 bonorum.
562 2588 676 2650 Nonne
696 2591 791 2651 minu
812 2590 890 2652 ordo
913 2597 945 2651 et
965 2589 1171 2670 permutatio?

248 2673 414 2756 cupiditas
448 2671 600 2734 bonorum
639 2679 687 2733 eet
717 2672 806 2734 radix
839 2673 975 2734 omnium
1009 2672 1169 2752 mulorum,

247 2761 426 2819 uentemtrre
455 2753 609 2816 bonorum
645 2762 693 2817 eet
722 2755 812 2817 radix
850 2757 986 2818 omnium
1008 2757 1170 2818 bonorum.

247 2839 305 2916 qai
336 2838 464 2918 reliquit
489 2837 588 2911 bona,
620 2837 703 2899 hune
736 2845 964 2920 prosequuntur
989 2837 1090 2917 bone3
1119 2840 1169 2918 qui

248 2923 335 3004 eupit
355 2921 442 2982 bone
463 2925 495 2982 et
514 2922 728 3002 prosequitur,
760 2921 843 2982 hune
872 2922 1048 3001 relinquunt
1075 2920 1169 2986 bonu.
1260 2919 1264 2926 ’

249 3005 307 3081 Qui
330 3023 408 3086 ergo
426 3021 490 3065 non
505 3003 660 3084 relinquit,
680 3004 880 3084 relinquetur,
902 3007 953 3085 qui
967 3011 1069 3068 eutem
1080 3005 1171 3070 relin-

248 3090 322 3168 quit,
344 3106 411 3148 non
433 3086 631 3166 relinquetur.
673 3086 753 3148 Vide
775 3089 880 3168 ileque
901 3089 1068 3150 venitatem
1088 3089 1170 3169 eupi-

247 3171 368 3248 dude,
390 3171 455 3230 imo
476 3169 591 3230 melum
613 3171 689 3231 eine.
730 3170 798 3232 imo
821 3178 853 3231 et
873 3172 1064 3252 experientia
1085 3171 1167 3232 vide

248 3273 325 3333 mue,
348 3251 432 3334 quod
450 3252 601 3333 eupiditue
617 3251 681 3314 nou'
695 3254 837 3316 eetietur:
861 3254 934 3333 quid
949 3262 998 3316 eet
1011 3255 1093 3315 enim
1107 3249 1169 3316 nori

248 3337 353 3398 tutiori
390 3333 533 3416 eupidum
567 3355 659 3416 quam
690 3335 821 3415 relinqui
853 3338 971 3416 abeo,
999 3337 1082 3417 quod
1103 3339 1171 3416 ipee

247 3438 311 3481 uon
332 3417 499 3498 relinquit?
529 3421 602 3498 quie
622 3437 684 3480 non
706 3421 906 3499 consequitur
927 3428 1073 3500 quantum
1095 3419 1169 3496 vult,

248 3508 403 3563 ettamen
424 3501 516 3581 eupit
550 3501 603 3562 Sie
623 3501 807 3564 deTantalo
830 3509 942 3583 poene
964 3503 1092 3584 fingunt,
1117 3502 1169 3579 qui

248 3603 305 3646 ore
324 3592 415 3645 tenne
436 3585 467 3645 in
488 3585 576 3664 aquie
597 3585 717 3666 positus
738 3586 802 3647 sitit
823 3587 1037 3674 vehementer,
1065 3591 1095 3644 et
1125 3589 1168 3644 te

312 3846 343 3902 ‘l
364 3845 513 3900 Loetolrer.
534 3845 554 3912 1,
572 3846 626 3902 785
644 3863 705 3917 eqq.
742 3847 849 3900 Weleh.
868 3847 902 3910 X,
923 3863 950 3914 p.
971 3845 1040 3900 1176
1058 3859 1117 3912 sqq.

293 3917 355 4000 Μ)
375 3917 470 3972 Denuo
480 3918 657 3987 evangelium
671 3922 779 3988 eapitur
791 3919 846 3972 late
858 3932 908 3988 pro
922 3919 987 3970 novi
1002 3917 1170 3972 Testamenti

252 3987 540 4082 m,-
