3075 4750
606 495 633 534 a
649 476 833 538 solemne
972 467 974 476 '
1127 479 1189 550 168

272 665 333 726 qne
353 646 423 709 niro
445 646 564 729 detuit,
592 667 721 730 quorum
749 657 913 731 utrumqne
937 657 1024 714 casta
1043 652 1110 713 viro
1132 671 1189 715 sao

272 729 410 792 exhibet
451 730 526 793 Ideo
555 732 595 793 de
621 732 698 794 Cain
725 734 805 796 Gen.
831 736 865 797 tl.⁴
887 734 997 796 dicitsr
1022 734 1188 799 secundam

271 813 432 891 ant'quarn
453 814 702 897 translationem,
729 817 812 896 quod
831 824 916 879 recte
936 816 1102 897 offerebat,
1134 818 1190 880 sed

269 896 354 956 male
375 895 549 977 dividebat,
577 917 646 958 cum
668 919 731 961 non
752 901 880 962 deberet
907 900 1053 963 dividere.
1093 901 1189 983 Igitur

269 985 391 1058 quanto
413 981 512 1060 magis
533 982 687 1044 receditur
705 1002 726 1043 a
742 982 898 1045 divisione
919 984 1037 1045 timoris
1060 992 1091 1046 et
1105 1004 1189 1046 amo-

269 1062 311 1122 ris
333 1061 375 1121 ad
398 1064 546 1124 unionem
577 1066 695 1126 timoris
723 1073 755 1127 et
781 1068 910 1144 amoris,
943 1074 1029 1128 tanto
1062 1067 1190 1129 meliora

269 1143 348 1204 liunt
371 1163 476 1224 opera.
519 1145 599 1222 Quis
618 1149 710 1210 timor
730 1157 763 1210 et
782 1167 870 1212 amor
898 1152 1052 1212 coniuncti
1075 1152 1189 1212 faciunt

269 1227 430 1288 hominem
450 1247 576 1310 norum,
607 1231 697 1292 divisi
716 1251 791 1294 vcro
813 1239 963 1294 veterem:
1006 1233 1189 1313 incipientes

269 1317 376 1370 autem
397 1313 558 1394 coniungi,
590 1314 725 1376 medium
750 1318 830 1378 inter
855 1323 989 1376 veterem
1013 1323 1045 1376 et
1064 1335 1189 1396 norum,

268 1394 289 1454 i.
310 1413 339 1454 a.
362 1392 576 1474 proficientem
598 1397 638 1460 de
660 1400 806 1459 servitute
828 1399 867 1459 ad
890 1398 1071 1475 libertatem,
1094 1398 1134 1460 dc
1154 1401 1188 1459 li·

269 1483 342 1620 tehrp¹
356 1475 397 1536 ad
420 1479 567 1559 spiritum,
589 1480 629 1542 de
649 1488 749 1542 morte
769 1481 808 1542 ad
837 1483 946 1561 vitam,
979 1481 1018 1542 de
1039 1482 1126 1542 Mose
1148 1483 1187 1543 ad

351 1642 443 1704 Nunc
467 1643 545 1707 illud
572 1647 664 1707 etiam
695 1645 903 1727 tractandum,
941 1648 992 1727 qui
1024 1648 1186 1709 continens

270 1725 310 1785 sit
334 1727 481 1789 iustitiae.
522 1727 581 1788 Hic
608 1731 771 1792 continens
803 1732 927 1812 propria
959 1729 1186 1812 significatione

269 1810 420 1889 accipitur
446 1829 503 1890 pro
530 1815 740 1892 perseveranti
768 1821 801 1874 et
820 1813 978 1874 individua
998 1813 1188 1875 adhaesione

269 1894 480 1972 continuaque
505 1897 737 1973 prosecutione:
775 1898 820 1957 sic
853 1903 935 1958 terra
960 1896 1070 1958 dicitur
1092 1899 1188 1958 conti-

268 1993 347 2038 nens
375 1975 409 2034 in
437 1977 642 2058 geographia,
675 1997 755 2059 quae
782 1999 845 2041 non
868 1987 916 2040 est
935 1981 1083 2040 intercisa
1101 1982 1187 2059 mari,

269 2057 324 2117 sed
346 2077 420 2137 pars
441 2065 560 2138 partem
582 2062 750 2141 continuat,
773 2068 805 2122 et
825 2064 1019 2124 continenter
1049 2062 1106 2124 sibi
1136 2063 1187 2124 ad·

269 2139 409 2203 lucerent.
469 2140 521 2203 dic
550 2145 644 2204 renim
682 2147 892 2226 propriissime
941 2145 1081 2208 dicuntur
1115 2165 1188 2208 coa·

268 2224 381 2302 tineri,
415 2241 496 2303 quae
516 2244 552 2286 se
581 2234 689 2288 mutuo
716 2235 838 2305 tenent,
870 2234 923 2288 aut
955 2229 1045 2289 simul
1071 2235 1187 2306 tenent,

268 2325 349 2387 qnae
377 2306 556 2389 philosophi
589 2318 704 2372 uocant
733 2319 837 2392 partes
871 2313 1133 2372 communicantes
1155 2313 1187 2372 iu

268 2392 430 2470 continno,
453 2392 536 2471 qnod
558 2396 698 2455 continet
717 2414 752 2456 se
773 2397 916 2457 in‘tertio
939 2396 1104 2455 communi.
1140 2396 1186 2457 lta

267 2474 317 2533 hic
339 2473 461 2555 dicitur,
484 2477 536 2555 qui
558 2479 698 2538 contineo
715 2478 878 2557 iustitiam,
906 2479 926 2538 i.
950 2498 977 2545 e.
995 2476 1185 2557 inseparabi-

267 2556 339 2617 liter
359 2557 389 2617 ei
411 2576 449 2617 ac
467 2559 580 2639 iugiter
599 2560 748 2621 adhaeret
768 2569 800 2621 et
818 2562 1034 2639 communicat,
1056 2569 1090 2620 ut
1110 2579 1184 2640 qua·

266 2639 437 2700 dammodo
463 2649 557 2701 unum
589 2644 628 2703 sit
653 2662 723 2703 cum
744 2644 813 2721 illa,
846 2644 1039 2705 concordans
1060 2662 1099 2704 ac
1119 2643 1184 2703 dili·

266 2742 345 2803 gens
366 2723 513 2804 amplexa
534 2742 630 2804 usque
654 2726 739 2786 illam
767 2726 970 2789 totocorde:
1004 2726 1087 2807 quod
1115 2727 1183 2789 sine

268 2807 398 2866 caritate
426 2807 492 2866 lieri
513 2826 577 2868 non
598 2815 711 2888 potest,
732 2810 843 2889 partim
860 2809 941 2888 quod
961 2810 1119 2871 continere
1140 2811 1184 2870 iu·

267 2890 392 2968 addam,
414 2890 434 2949 'a
457 2909 483 2950 e.
500 2889 629 2971 diligere
641 2893 787 2953 iustitiam
804 2898 853 2953 est
865 2892 969 2954 odisse
983 2893 1185 2973 iniquitatem.

267 2971 317 3033 dic
352 2973 435 3032 eninr
471 2979 504 3033 ct
528 2974 742 3053 amplexantes
777 2994 846 3036 sese
879 2976 1039 3037 continent
1069 2982 1185 3057 mutuo,

267 3054 351 3133 qnod
375 3061 427 3115 est
444 3056 563 3136 signnm
584 3058 698 3118 amorio
719 3058 885 3119 intereos.
922 3057 1017 3139 igitur
1037 3059 1183 3120 iustitiam

267 3156 328 3198 non
344 3138 558 3218 apprehendit,
575 3141 637 3199 nisi
653 3142 825 3218 continens,
846 3160 1056 3221 perseverans,
1078 3148 1184 3203 tenax-

268 3238 327 3298 que
348 3227 470 3281 amator
492 3222 566 3282 eius.
608 3223 770 3283 'feracitas
798 3231 901 3285 autem
929 3223 983 3285 illa
1007 3231 1114 3285 sancta
1145 3244 1185 3285 ex

267 3318 375 3365 amore
397 3311 433 3364 et
449 3305 558 3366 timore
579 3305 637 3367 Dei
663 3306 811 3386 procedit.
853 3307 955 3368 Primo
983 3308 1064 3368 enim
1093 3326 1183 3386 quaa-

267 3387 341 3447 ritur
360 3406 492 3467 regnum
514 3388 574 3448 Dei
595 3394 627 3448 et
648 3390 765 3451 institia
786 3391 862 3451 eius.

348 3470 390 3530 Et
411 3470 549 3532 obviabit
573 3469 618 3532 illi
653 3478 799 3551 tanquam
838 3478 936 3533 mater
970 3471 1183 3537 honorificata.

268 3551 488 3634 Apprelrendet
509 3573 588 3633 eam,
608 3555 724 3633 inquit,
755 3557 776 3619 i.
799 3576 827 3619 e.
850 3563 1029 3634 assequetur
1056 3574 1124 3615 eam
1152 3562 1184 3614 et

269 3638 324 3697 erit
345 3654 404 3697 sua
424 3635 569 3697 tandem:
590 3656 654 3698 non
675 3637 864 3703 fraudabitur
883 3658 936 3716 ca,
965 3638 991 3697 si
1019 3637 1112 3699 modo
1141 3643 1183 3699 te-
1246 3650 1252 3655 '

268 3720 383 3780 naciter
411 3738 479 3779 eam
501 3718 652 3781 dilexerit.
693 3720 822 3801 Insuper
847 3726 987 3782 occurret
1015 3720 1042 3781 ei
1063 3720 1131 3799 ipsa
1152 3726 1184 3780 et

267 3821 381 3862 rursum
404 3821 475 3863 eum
496 3804 645 3864 tenaciter
666 3801 787 3884 diliget,
824 3811 855 3863 et
887 3802 996 3879 obvios
1019 3801 1179 3882 amplexus
1257 3802 1262 3807 “

269 3886 411 3966 porriget,
440 3886 518 3945 sicut
544 3885 668 3946 dieitur:
704 3886 773 3967 Ego
803 3885 966 3967 diligentes
1001 3904 1050 3945 me
1077 3884 1181 3967 diligo.

270 3966 443 4031 Contiuebit
463 3969 673 4033 continentem
693 3988 737 4049 se,
757 3968 886 4055 accedet
914 3966 953 4029 ad
975 3967 1182 4049 accedentem,

806 4095 809 4107 .
907 4070 943 4131 11
954 4068 970 4105 1
